3825 6059
789 507 945 560 uetsrots
964 512 1006 558 vt.

200 663 229 723 to
247 662 306 724 dirb
324 667 375 723 che
388 681 417 723 se
430 667 449 723 tt
463 664 605 725 sooesoeio
617 682 672 724 uon
683 666 789 725 netece
801 682 878 723 men·
908 679 925 719 e
944 665 953 721 i
973 662 1050 721 moltt
1068 661 1147 722 bruni
1165 663 1199 721 ds
1226 664 1265 720 tui
1292 664 1370 736 quusi
1389 679 1405 721 s
1423 667 1513 739 pnrots
1531 670 1587 724 trs-

203 740 279 799 done
296 742 370 801 nella
388 758 437 800 sus
456 741 517 802 Vita
541 742 569 798 di
589 746 695 816 Dante,
724 744 818 801 scritta
835 745 879 798 in·
908 740 976 796 dotti
995 753 1012 794 e
1030 739 1137 797 inseritt
1163 739 1208 796 uel
1236 754 1286 796 suo
1309 743 1456 814 tomento,
1488 742 1589 800 dettsto

202 812 880 892 tomol’unno1350,tuperchbsllorsnooco-
907 814 1051 872 netl’suuo
1080 814 1176 889 lats,
1206 828 1242 871 ne
1269 831 1319 874 eon
1346 816 1508 874 testimonio.
1537 819 1590 876 Not

204 893 352 951 nomenata.
373 896 411 950 ln
427 893 547 952 conobbe
564 892 643 951 henot
661 894 690 950 in
709 907 878 967 progresso3
908 894 1033 947 tomento
1062 888 1157 948 ultresl
1181 889 1209 947 dt
1228 893 1325 965 taeopo
1351 890 1518 951 betlehem
1550 894 1589 949 ri·

200 1080 569 1155 sumoulqaesrcumsertm·;
580 1080 647 1136 iicet
659 1081 880 1139 tantaeditorum
909 1082 964 1138 mis
973 1083 1070 1157 sus'sse
1080 1080 1265 1155 sortitionem.
1288 1081 1420 1138 Dicemus
1438 1081 1537 1160 iqitur,
1551 1087 1592 1143 oi·

194 1152 292 1226 suerit
302 1154 424 1217 incuria,
443 1164 474 1208 ut
492 1154 590 1210 sedata
605 1154 774 1210 variantisom
786 1155 880 1210 tretia·
909 1164 987 1211 oents
1015 1154 1195 1228 Cantiqnorio
1203 1155 1336 1228 fucatam
1358 1157 1428 1211 bane
1448 1156 1486 1209 ad
1501 1156 1591 1229 ipsius

200 1244 264 1279 num
281 1227 455 1299 moests'qatio
473 1227 511 1281 ad
528 1230 695 1283 comandas
710 1228 881 1305 quibuscon·
908 1235 1039 1303 patruum
1056 1244 1181 1301 moqnum
1199 1226 1341 1299 confictam
1356 1245 1414 1284 esse
1428 1228 1593 1312 epistotam?

201 1298 389 1355 seminabatur
397 1297 517 1373 epistota
525 1300 697 1364 sardes,non
711 1316 881 1375 purumcon·
910 1301 974 1357 Non
995 1300 1101 1376 quidem
1121 1302 1217 1373 iquoro
1237 1298 1380 1354 admodum
1395 1301 1492 1374 fuisse
1515 1301 1591 1360 iabo-

201 1370 305 1428 suteris.
910 1373 1020 1428 riosam
1037 1371 1119 1428 itiam
1129 1380 1242 1428 aetatem
1253 1370 1284 1425 in
1298 1372 1491 1445 componendis
1506 1374 1593 1432 bomi-

240 1442 454 1516 Maioriss'qitur
468 1443 711 1503 eritaurtoritatis
719 1442 879 1509 mitorum,
910 1462 975 1499 num
990 1444 1149 1501 illustrium
1171 1444 1278 1505 literis,
1304 1447 1474 1501 orationibus
1495 1449 1592 1524 etqui

202 1517 730 1661 fflibb'bbffblbbiibbffi
747 1517 883 1663 tttbbz
911 1526 975 1573 ''³¹''
997 1516 1595 1663 titibmttittttdbttbt

201 1662 317 1718 minime
333 1660 487 1727 dubitatur,
508 1609 884 1734 omnpr'omnqiioncordio
911 1606 1078 1719 iiiisttrosts
1096 1660 1221 1734 eoempia
1241 1662 1281 1715 ad
1295 1672 1388 1732 qentes
1412 1664 1531 1719 dissitas
1547 1664 1595 1721 uel

200 1749 267 1788 cum
288 1733 362 1797 iliis,
375 1752 443 1810 quae
460 1736 490 1790 in
508 1733 600 1790 biteris
608 1736 685 1793 bisce
700 1735 812 1792 totidem
815 1736 885 1809 sere
913 1737 951 1790 od
968 1734 1127 1811 antiquiora
1139 1752 1199 1789 sese
1207 1734 1329 1805 referserit
1346 1743 1478 1808 temporo.
1489 1754 1539 1792 nec
1555 1739 1599 1793 ad

201 1805 296 1862 verbs's
318 1806 454 1889 iequntur.
491 1809 534 1889 lie
557 1806 653 1881 tenpus
672 1809 749 1891 sim,
774 1810 805 1864 in
823 1809 885 1895 iltis
913 1825 974 1862 eam
988 1808 1174 1881 probabuntur
1191 1806 1396 1878 impudentiam,
1415 1809 1594 1881 utfinqersnt

202 1877 413 2007 tibitibi
427 1889 650 2009 bttttttttt
664 1892 885 2009 {tibidis
913 1897 1055 2019 iiiiii}
1071 1876 1337 2026 88λίἵὲᾞὲ
1345 1881 1595 2010 8ῧὲξῖΐέἔῖ

205 2040 395 2099 spores‚quae
412 2024 429 2097 §
453 2023 485 2079 19
502 2027 536 2079 de
553 2025 647 2095 efflatu
663 2026 718 2082 Dei
733 2026 764 2081 in
784 2025 885 2081 inteili-
914 2044 972 2096 res,
995 2035 1090 2099 sponte
1106 2024 1230 2081 uiderent
1246 2023 1371 2098 aequales

199 2094 323 2168 pennos,
347 2104 373 2151 et
395 2113 463 2172 quae
488 2098 520 2183 §§
538 2095 575 2151 24
600 2108 625 2151 et
647 2096 685 2153 25
707 2101 741 2156 de
761 2116 885 2171 empyreo
951 2099 1104 2157 Masimum
1117 2106 1205 2151 autem
1216 2113 1333 2150 omnium
1350 2095 1451 2169 inipso
1462 2097 1596 2172 epistolae

202 2166 282 2222 coeio
302 2186 363 2222 oum
382 2171 524 2225 sententiis
543 2169 670 2226 Conoioii
694 2171 886 2230 oons'unctissi·
915 2179 1071 2245 arqumento
1078 2169 1198 2243 positum
1215 2186 1273 2223 esse
1289 2168 1470 2227 indicaverim
1482 2189 1596 2226 momen·

204 2256 263 2303 mo,
282 2258 331 2295 nec
353 2250 441 2295 tomen
458 2240 488 2295 in
497 2241 567 2300 otiis
592 2241 712 2297 eiusdem
721 2246 886 2301 aeuiaurto·
916 2252 982 2300 tum.
1016 2242 1085 2317 Quis
1101 2242 1172 2297 enim
1197 2241 1340 2314 inqenuum
1356 2241 1436 2297 ilium
1454 2246 1534 2299 emmo
1552 2263 1597 2299 su·

203 2310 284 2366 ribus
303 2312 392 2368 simili
409 2316 487 2368 modo
500 2332 632 2388 cupresso
642 2313 776 2389 loquutur.
787 2317 823 2370 In
835 2335 886 2390 quo
914 2316 1029 2389 perbuns
1046 2314 1179 2399 pauperis
1191 2323 1216 2367 et
1227 2314 1317 2369 scutis
1327 2332 1357 2367 so
1366 2314 1508 2390 principis
1527 2316 1597 2370 ami·
1618 2361 1625 2382 ,

162 2409 165 2413 ’
205 2393 365 2458 arqumento
386 2394 461 2441 reete
486 2388 655 2442 aestimando
678 2386 813 2443 neciliud
834 2387 887 2442 erit
917 2406 979 2445 eum
994 2388 1106 2444 dicendi
1125 2388 1245 2458 modum,
1272 2385 1316 2440 uis
1326 2387 1465 2443 honestam
1478 2406 1597 2461 pauper·

201 2457 400 2530 neqltqendum
419 2468 532 2530 praeter
548 2458 677 2535 aequales
692 2459 848 2531 nonnullos,
858 2460 888 2513 in
917 2460 985 2517 tatis
1010 2460 1208 2535 consessionem
1234 2407 1339 2515 aiieoto
1366 2460 1458 2531 potius
1470 2460 1599 2534 saliaris

207 2548 277 2605 quos
300 2530 456 2586 buiusmodi
465 2532 614 2603 frondeum
635 2531 756 2617 suspirio
774 2552 826 2589 non
833 2535 884 2607 sa·
917 2531 1041 2596 librarii,
1061 2550 1139 2619 quam
1158 2530 1214 2584 alto
1233 2539 1258 2584 et
1271 2548 1402 2605 qeneroso
1420 2534 1522 2596 Dentis
1538 2537 1598 2592 ani-

207 2600 266 2655 ciie
283 2603 382 2656 cadere
398 2604 515 2675 poterit,
543 2623 576 2660 ne
594 2602 683 2659 dirim
704 2604 808 2682 quidem
826 2622 888 2659 car·
917 2621 960 2662 mo
978 2605 1083 2663 dicerit
1101 2602 1266 2661 conueniret
1281 2603 1384 2676 (Tertio
1403 2604 1428 2658 Α
1445 2605 1620 2663 Comment.'

203 2676 288 2731 ments
299 2675 436 2730 studiosis
452 2677 557 2752 reliqua
567 2685 664 2751 poetae
672 2696 757 2751 opera
756 2678 889 2752 familia·
918 2698 944 2752 p.
968 2679 1024 2752 47).
1050 2678 1118 2733 Sunt
1138 2686 1163 2729 et
1180 2674 1240 2731 olio
1256 2674 1401 2759 complura
1414 2694 1483 2751 quoe
1502 2678 1600 2734 sisui·

202 2749 255 2803 ria
263 2748 370 2821 fuisse,
389 2748 473 2805 immo
486 2750 564 2822 ipsos
583 2750 743 2806 Comoedias
755 2754 886 2826 interpre-
918 2749 1010 2805 tititer
1020 2748 1237 2823 examinaveris,
1247 2766 1377 2803 neminem
1382 2759 1497 2821 praeter
1505 2751 1599 2823 ipsum

204 2828 248 2874 tes
266 2821 394 2896 antiquos
406 2820 440 2875 de
455 2822 636 2886 carminibus,
655 2842 722 2899 quae
741 2823 771 2877 in
784 2825 888 2898 Purqa·
918 2823 1053 2879 carminis
1069 2825 1103 2877 de
1119 2840 1171 2897 qao
1188 2821 1350 2894 disputatur
1366 2831 1506 2879 auctorem
1523 2824 1597 2878 scri·

204 2891 280 2946 torio
305 2903 332 2946 et
353 2897 382 2951 in
403 2894 542 2950 Paradiso
564 2904 823 2958 commemorantur,
836 2915 890 2951 non
915 2896 1010 2970 psisse
1025 2897 1132 2950 senties.

206 2981 262 3019 uno
286 2964 346 3019 ioco
365 2966 435 3019 mire
452 2966 636 3024 batiocinari.
954 2967 990 3027 Si
1015 2963 1155 3023 scribendi
1171 2982 1259 3039 penus
1279 2980 1467 3047 nonnunquam
1480 2964 1599 3090 perple-

1492 3056 1509 3091 o

245 3037 397 3095 Musimum
418 3039 679 3097 Boccoccis’nostra
694 3056 755 3097 cum
771 3035 891 3115 epistola
918 3058 985 3099 sum
1004 3038 1208 3113 barbariemque
1224 3037 1361 3110 redolens,
1376 3040 1477 3094 sesebo
1509 3048 1599 3094 stseae

210 3114 405 3167 consonantiae
421 3112 452 3166 in
468 3112 522 3165 bac
540 3112 726 3185 disputatione
747 3129 806 3169 esse
847 3129 891 3166 on·
920 3111 1165 3187 arqumeutotionis
1186 3110 1304 3164 taedium
1325 3130 1344 3164 a
1360 3110 1454 3167 dim'ni
1471 3112 1603 3195 natissa·

208 3182 275 3243 dus,
292 3194 365 3239 recte
382 3184 439 3237 iom
458 3183 613 3242 observarit
632 3183 805 3261 Fuscuius(
839 3186 888 3247 isc.
920 3185 1024 3241 cundia
1050 3183 1101 3240 tibi
1120 3183 1247 3240 uideatur
1273 3184 1439 3246 abliorrere,
1463 3183 1601 3238 similium

208 3256 254 3310 sul
270 3262 340 3311 testo
361 3256 405 3312 del
423 3260 521 3313 Poems
543 3259 571 3313 di
597 3257 631 3314 D.
657 3276 685 3331 p.
704 3257 791 3331 b50).
814 3258 891 3329 Adeo
920 3257 1108 3329 Uerminae,
1129 3257 1287 3339 ipsiusque.
1307 3256 1378 3330 quod
1395 3256 1514 3310 indoctis
1530 3255 1602 3310 sesi·

205 3328 281 3385 mm
298 3329 460 3401 saepissime
477 3330 589 3404 sinquia
605 3331 803 3391 commentarii,
813 3347 891 3415 quem
911 3324 920 3363 ¹⁸
920 3337 996 3403 ptum
1015 3339 1087 3392 erat,
1104 3328 1232 3385 Convivis
1251 3328 1304 3383 toci
1324 3331 1430 3383 erroris
1448 3338 1522 3382 tuom
1540 3346 1602 3383 con·

208 3400 248 3456 ad
272 3401 396 3458 divinum
418 3420 531 3458 carmen
553 3404 673 3477 scripsit
692 3403 889 3464 Certaidsnus.
920 3403 1029 3458 uincent
1046 3402 1281 3461 existimationem.
1297 3400 1396 3456 Addos
1413 3410 1511 3473 tomen,
1527 3402 1602 3455 Dan·

203 3474 257 3531 iili
275 3474 438 3546 respondent
454 3475 628 3551 nerba,quae
645 3479 721 3549 apud
737 3495 787 3532 nos
803 3478 892 3549 quun·
922 3486 974 3531 tem
998 3478 1114 3532 bonores
1143 3484 1223 3545 atque
1249 3473 1386 3538 beneficia,
1411 3473 1508 3545 quibus
1527 3473 1603 3546 apud

209 3556 268 3607 tur,
288 3554 318 3600 ut
337 3556 441 3602 tantam
458 3547 669 3604 similitudinem
678 3550 819 3624 fortuitae
836 3552 892 3606 cui·
925 3550 1023 3606 Canem
1056 3548 1259 3622 adjiciebatur,
1288 3545 1379 3600 Musis
1402 3548 1491 3601 minus
1518 3563 1603 3620 quarn

208 3620 274 3674 dam
290 3617 360 3673 dare
379 3621 562 3692 consensioni,
572 3623 678 3678 omnino
688 3626 770 3699 soret
787 3622 893 3677 ridicu·
922 3621 1077 3693 omniqenae
1097 3617 1262 3675 eruditionis
1281 3617 1386 3672 omnini
1405 3618 1503 3672 tulisse
1524 3635 1604 3674 acce-

210 3690 278 3747 ium.
311 3690 440 3766 Equidem
457 3702 484 3748 et
504 3711 565 3749 cum
582 3696 690 3749 Lanato
715 3695 892 3753 concordiam
919 3689 1305 3768 ptum,·addosunioersoiem
1323 3688 1450 3747 insolitae
1467 3701 1545 3765 otque
1563 3708 1607 3746 rs·

208 3760 345 3840 quandam
366 3782 414 3818 neo
436 3762 575 3822 minimam
589 3768 789 3840 deprebmdere
804 3776 872 3839 puto
879 3789 895 3834 ,·
922 3766 1200 3824 conds'taedoetrs'nae
1211 3763 1400 3832 samamoui,
1422 3783 1500 3837 quum
1513 3780 1605 3817 omncs

210 3855 292 3912 quom
313 3844 401 3890 tomen
415 3838 541 3912 sntettiqo
558 3858 611 3894 non
629 3839 670 3894 ita
687 3858 746 3895 esse
757 3848 892 3911 apertam,
924 3847 1025 3894 teneret
1040 3838 1070 3894 in
1088 3836 1279 3905 admiratione,
1298 3835 1337 3889 od
1353 3853 1455 3892 morem
1473 3836 1605 3906 temporis

210 3919 242 3963 ut
257 3908 295 3963 ad
316 3908 514 3981 dqsendeudom
537 3910 671 3983 epistolae
685 3913 773 3986 fidem
790 3913 820 3966 in
840 3930 893 3965 me·
923 3930 952 3967 se
967 3911 1099 3984 praebere
1114 3927 1230 3983 parem,
1257 3909 1410 3963 detrectaro
1427 3928 1481 3962 non
1498 3916 1609 3979 poterat

212 3983 290 4037 deum
306 3982 434 4054 proferri
449 3983 551 4055 possit.
567 3984 654 4056 Ouum
665 3984 751 4058 iqitur
768 3994 827 4040 tota
838 3984 896 4038 iam
924 3988 1041 4042 Dentes.
1061 3984 1149 4039 Immo
1166 3980 1370 4038 cotidissimom
1388 3982 1523 4035 rationem
1540 3980 1604 4035 inde

213 4055 381 4127 disceptatio
400 4054 430 4109 in
450 4057 605 4114 Boccoroio
623 4057 662 4112 sit
676 4058 781 4131 posita,
802 4055 896 4130 prose
945 4065 990 4110 uto
999 4054 1231 4129 petendam‚quod
1240 4064 1336 4110 auctor
1345 4051 1478 4124 epistotae
1487 4052 1515 4104 iu
1528 4053 1607 4106 solso-

216 4136 264 4183 cto
280 4145 333 4180 non
354 4126 408 4181 erit
425 4128 578 4192 tacendum,
595 4149 648 4185 non
666 4130 755 4202 moqis
772 4147 830 4184 esse
851 4129 898 4183 ab·
923 4076 1090 4184 institorum
1107 4146 1188 4204 aeque
1206 4144 1240 4180 ac
1257 4127 1430 4199 mqstt'oorum
1449 4123 1531 4178 tibris
1548 4140 1608 4178 sese

212 4218 309 4256 sonum
328 4201 431 4260 tieem,
455 4209 593 4258 auctorem
610 4201 743 4274 epistotae
766 4201 897 4275 interpre·
925 4202 1038 4276 praebet
1054 4212 1207 4267 uersatum·
1216 4216 1295 4274 quum
1313 4216 1388 4251 neruo
1407 4196 1557 4271 aequalium
1575 4197 1606 4258 in

209 4274 329 4328 tationes
350 4271 442 4334 iilius,
457 4275 554 4347 quibus
575 4294 639 4329 eum·
651 4274 813 4350 interfuisse
816 4277 898 4350 sorte
927 4276 1068 4349 utriusque
1080 4272 1247 4346 disciplinae
1258 4269 1402 4325 coniuncto
1419 4270 1512 4327 studio
1532 4270 1608 4352 Daq-

210 4345 275 4419 qus‘s
291 4344 408 4416 dicerit,
435 4345 466 4399 in
488 4366 566 4401 suam
585 4348 702 4404 vertisse
726 4366 796 4410 rem,
820 4366 899 4423 quam
928 4347 1085 4478 tenqylaciie
1101 4349 1190 4420 possit
1207 4341 1368 4423 aemulari..
1426 4412 1433 4424 .
1563 4410 1569 4422 .

211 4421 273 4474 os'ce
289 4434 380 4474 uersu
393 4418 427 4473 Si
446 4430 535 4473 tamen
552 4421 650 4475 literas
668 4423 751 4476 basce
771 4439 832 4475 oum
844 4420 898 4476 iilo
996 4438 1026 4474 ec
1054 4428 1078 4474 te
1095 4425 1222 4475 mouent.
1251 4413 1338 4468 altum
1355 4432 1385 4467 sn
1402 4422 1462 4469 usto
1480 4415 1608 4484 Dentes„

212 4489 367 4546 contuleris
379 4492 582 4555 commentario,
599 4491 659 4547 tuce
675 4494 781 4548 clarius
792 4494 822 4547 in
838 4493 899 4547 Cer·
928 4509 1008 4567 quom
1020 4493 1186 4564 conscripsit
1198 4489 1365 4544 Bocoacct'us
1381 4486 1415 4541 de
1432 4484 1552 4560 epistola
1564 4495 1610 4550 nb·

212 4560 319 4617 taidino
330 4581 461 4634 oqnosees
472 4566 649 4621 imitatorem.
659 4568 731 4638 Quas
741 4566 812 4619 enim
822 4583 899 4638 pres·
928 4575 990 4620 stra
1006 4564 1170 4626 silentium,
1189 4562 1249 4622 vet.
1269 4561 1299 4617 si
1312 4559 1417 4631 mavis,
1436 4568 1532 4614 eontra
1550 4563 1610 4636 eoin

214 4654 255 4698 se,
266 4639 317 4692 sed
332 4636 459 4691 concinne
477 4637 507 4692 in
520 4637 640 4711 epistola
655 4638 764 4711 scripta
782 4648 855 4711 sunt,
869 4637 900 4692 in
950 4651 1038 4710 uqna,
1063 4653 1143 4709 quum
1153 4636 1238 4709 soma
1256 4633 1289 4686 de
1307 4632 1445 4690 Porodsso
1462 4630 1523 4704 rrqi
1534 4629 1610 4712 stos-

213 4708 407 4763 commentario
435 4710 522 4765 latius
549 4721 575 4765 et
595 4711 634 4767 ad
653 4728 754 4767 morem
779 4712 900 4767 bominis
927 4656 988 4762 itae
1005 4718 1162 4781 noncupato
1181 4706 1289 4780 ieqotur
1305 4725 1365 4780 cop.
1389 4705 1432 4758 152
1453 4699 1628 4757 Idaeossem.

213 4797 281 4834 suae
299 4780 464 4854 eloquentiae
484 4782 689 4859 auditorumque
712 4783 841 4840 inscitiae
858 4783 900 4837 in·
921 4781 1049 4854 sortasse
1067 4782 1117 4836 boc
1136 4781 1165 4834 in
1184 4786 1357 4852 arqumento,
1376 4776 1432 4832 nisi
1451 4783 1612 4830 commento·

213 4851 355 4925 duiqentis
378 4862 545 4911 tractantur.
574 4859 649 4930 Quae
671 4874 738 4912 vcro
755 4859 834 4930 apud
849 4874 900 4912 nos
929 4853 1002 4914 rius,
1022 4871 1099 4928 quem
1117 4853 1167 4907 sub
1176 4853 1262 4926 finem
1280 4851 1355 4906 vitae
1372 4848 1526 4920 composuit
1543 4848 1611 4902 Boe·

214 4925 412 4978 reconditioris
431 4928 575 4983 doetrinae
595 4930 875 5001 arqumentationibus
890 4967 898 4992 ,
930 4926 1054 4990 caroius,
1067 4926 1132 5002 quid
1143 4928 1176 4980 de
1188 4924 1306 4996 epistota
1315 4926 1431 4979 senserit
1442 4920 1503 4984 itte.
1518 4928 1613 4991 “petit

216 4998 410 5071 doctorumque
421 4999 578 5054 muniuntur
589 5002 766 5059 auctoritate,
781 5003 900 5056 Boccor·
931 4997 1072 5071 probaret.
1092 4996 1192 5055 Facito
1208 4996 1298 5070 iqitur
1315 5013 1356 5052 me
1373 4993 1510 5067 expedio,
1529 4992 1616 5048 conii·

214 5070 290 5125 eiust
310 5070 361 5127 cis
379 5068 492 5141 ieviter,
515 5072 561 5127 oei
584 5091 619 5128 ne
641 5074 693 5131 oio
715 5073 822 5150 quidem
844 5085 901 5130 tan·
928 5071 1015 5134 ciens,
1029 5080 1224 5126 monumentum
1243 5068 1277 5125 de
1292 5088 1345 5145 quo
1364 5068 1480 5139 aqimus.
1491 5073 1615 5139 poston-

213 5159 280 5215 qere
298 5143 432 5200 siderius.
446 5146 489 5199 De
507 5143 559 5199 iiio
579 5146 669 5219 iqitur
695 5146 753 5203 iam
772 5155 899 5208 constat,
929 5159 994 5197 nam
1014 5141 1106 5213 1350,
1131 5143 1213 5197 circa
1231 5159 1309 5217 quem
1326 5140 1415 5196 citam
1434 5137 1536 5195 antis
1553 5154 1616 5191 con·

215 5233 231 5269 e
257 5217 362 5273 'stolam
371 5215 401 5269 in
410 5232 465 5290 qua
473 5232 616 5273 versamur
624 5217 704 5274 circa
715 5236 815 5274 mnum
832 5218 901 5277 1878
931 5214 1067 5287 scriptam
1093 5232 1151 5270 esse
1177 5222 1319 5268 autumant
1337 5214 1432 5283 docti,
1462 5210 1617 5268 Boeoocrio

237 5290 308 5345 ortis
324 5309 378 5345 non
395 5289 559 5362 incoqnitam
579 5300 606 5346 et
626 5291 779 5350 Boccaecio
795 5294 827 5350 in
842 5291 902 5366 pti·
931 5290 1037 5345 &murs
1054 5288 1214 5345 innotuisse.
1234 5289 1324 5343 Uocem
1341 5284 1416 5340 itiud
1427 5293 1555 5359 superest
1573 5295 1619 5338 at·-

300 5367 407 5423 Dsnss.
426 5363 512 5434 Opere
526 5365 640 5426 tttnort.
1409 5360 1444 5415 66
