3825 6059
292 542 360 611 lib
752 553 1116 618 aavnnnasrnaoonto

503 711 616 772 canda
635 714 671 769 η.
1187 703 1354 764 cirinum
1373 707 1411 761 n.

273 877 307 919 tlt
319 876 376 931 Qui
388 874 695 922 inmisceamur
714 873 833 919 01!de
845 872 914 918 'w‘
1038 875 1069 920 lii
1082 872 1158 930 ollii»
1169 871 1298 919 lamia
1312 872 1377 915 sm
1390 867 1466 918 Bm
1479 868 1574 915 USss!

441 951 568 1008 Qtltiim
581 949 736 996 widinis.
1128 950 1157 993 ll.
1171 947 1305 994 domm
1318 943 1467 993 illumi·

290 1089 436 1160 Postquam
448 1102 500 1145 ηοη
513 1100 607 1146 omnes
619 1084 802 1143 versificantes
814 1082 863 1141 md
875 1090 933 1141 tau·
999 1078 1153 1161 usppuiebi
1170 1098 1264 1143 avemo
1278 1082 1448 1157 dimostrato,
1461 1081 1514 1139 cbe
1524 1098 1581 1141 non
1593 1088 1650 1142 tnt-

252 1168 309 1219 um
328 1161 570 1221 existimassem
581 1161 693 1218 illusus
705 1162 744 1218 un
756 1127 934 1233 vineas
962 1160 982 1219 n
1000 1164 1009 1221 i
1027 1160 1226 1236 continauri,
1246 1173 1289 1217 ms
1308 1159 1457 1216 mammos
1485 1157 1524 1231 gu
1554 1160 1649 1216 euar-

251 1238 316 1296 bere
334 1240 518 1314 astruximus,
538 1249 707 1309 cmaeqnens
725 1241 768 1294 en
785 1240 931 1310 estmere,
962 1234 1104 1296 tentissimi
1123 1236 1212 1292 denno
1239 1250 1319 1292 usare
1336 1233 1355 1291 il
1375 1232 1487 1307 volgare
1506 1232 1649 1310 illustre,

256 1318 348 1370 ntnnm
366 1312 457 1370 omnia
474 1313 534 1389 ipsu
551 1310 690 1369 naeunda
708 1311 781 1384 sint,
801 1316 849 1368 aut
866 1325 931 1383 nora,
964 1314 1222 1389 eonsegnenleeosa
1240 1307 1258 1368 le
1276 1310 1437 1368 dimostrare
1454 1309 1510 1384 poi,
1525 1327 1557 1368 se
1576 1315 1652 1367 tutte

253 1394 281 1446 et
300 1390 324 1446 si
343 1405 397 1447 non
415 1389 520 1465 omnia,
539 1403 609 1463 quae
627 1388 687 1460 ipso
705 1385 786 1459 digna
806 1389 870 1442 snat
888 1399 934 1442 se-
963 1389 990 1447 ia
1007 1388 1119 1446 materie
1138 1402 1203 1445 sono
1218 1387 1253 1445 da
1276 1400 1368 1443 essere
1390 1385 1541 1444 taattatein
1565 1402 1650 1463 esso,

254 1466 388 1536 gregatim
406 1466 558 1521 ostendere.
581 1464 659 1521 circa
677 1462 762 1540 quod,
782 1461 871 1536 primo
888 1474 934 1518 re·
962 1480 980 1523 ο
995 1479 1051 1537 ηο;
1074 1478 1091 1520 e
1112 1476 1209 1521 senon
1232 1476 1299 1520 sono
1318 1464 1409 1533 tutte,
1430 1460 1515 1519 seder
1528 1478 1648 1537 separa-

254 1539 412 1611 periendam
430 1545 473 1596 est
491 1540 531 1615 id,
543 1539 617 1614 quod
635 1536 810 1609 intelligimus
830 1548 881 1610 per
898 1535 934 1594 ii-
964 1543 1081 1598 tamente
1099 1537 1173 1612 quali
1192 1552 1257 1595 sonu
1275 1536 1365 1609 degne
1382 1535 1411 1593 di
1429 1549 1503 1593 esso.
1525 1538 1606 1596 circa
1624 1540 1652 1596 ia

253 1614 313 1687 ind,
332 1615 406 1687 quod
423 1614 560 1690 dicimus,
580 1614 692 1688 dignum
710 1625 781 1686 esse,
799 1610 873 1686 quod
891 1609 934 1667 di-
962 1614 1025 1689 quai
1043 1628 1107 1672 cosa
1125 1612 1212 1687 prima
1229 1608 1247 1669 d
1263 1612 1298 1670 da
1316 1617 1422 1670 novare
1436 1612 1650 1683 qnelioebenoi

253 1690 384 1763 gnitatem
403 1690 495 1766 babet,
514 1688 584 1746 sieut
601 1686 702 1761 nobile,
720 1687 794 1760 quod
812 1684 935 1745 nnbiita-
963 1689 1142 1763 intendemn,
1162 1687 1270 1762 quando
1293 1685 1420 1762 dicem,
1445 1687 1537 1761 degna
1554 1704 1652 1748 essere

257 1771 324 1837 tem,
345 1771 373 1822 et
392 1766 431 1821 sic
449 1764 557 1838 cognito
574 1764 748 1838 babituaate,
768 1762 934 1821 habitantum
963 1765 1056 1840 queila
1073 1778 1148 1839 cosa,
1167 1764 1219 1820 ebe
1236 1764 1271 1821 ba
1289 1758 1404 1836 diguitis,
1428 1759 1452 1818 al
1471 1776 1553 1822 come
1571 1762 1651 1823 eao-

255 1842 441 1915 cognoscitur,
455 1842 483 1897 in
501 1845 631 1913 qnantum
642 1839 737 1896 buius:
750 1837 822 1895 unde
840 1835 935 1910 engai-
963 1841 1020 1900 biie
1037 1837 1131 1914 quello
1148 1838 1201 1896 cbe
1218 1838 1255 1915 lap
1272 1833 1420 1911 nobiiti3e
1438 1837 1653 1899 cosiconnsein

254 1916 448 1990 indignitate,
468 1930 663 1989 cognoscemus
691 1919 719 1971 et
741 1914 865 1987 dignum.
886 1912 935 1969 nst
965 1921 992 1973 to
1009 1916 1037 1974 1ο
1054 1915 1209 1989 abituante,
1229 1914 1253 1971 si
1271 1925 1385 1971 nuaosne
1402 1914 1432 1972 lo
1455 1914 1599 1992 abitnato,
1621 1918 1648 1975 in

256 1991 330 2047 enim
349 1989 464 2063 dignitas
483 1993 643 2049 meritonam
660 1987 785 2065 eiectans,
804 1988 861 2045 siae
878 1991 937 2044 ter·
964 1996 1066 2067 quanto
1083 1988 1202 2048 minato
1219 1989 1248 2047 di
1264 1992 1384 2063 questo:
1405 1986 1473 2061 perd
1490 1995 1649 2051 conoscinla

256 2066 358 2136 minus,
378 2070 409 2123 ut
426 2082 490 2124 cnm
502 2066 564 2140 quis
575 2063 755 2139 benemenrit,
774 2065 810 2122 ad
820 2062 884 2121 boni
892 2061 936 2118 di-
966 2069 991 2128 la
1009 2063 1129 2142 digaitd,
1148 2078 1338 2123 eonoseeremo
1356 2064 1443 2122 anche
1460 2063 1481 2121 il
1501 2066 1604 2141 degan.
1626 2061 1649 2126 E

255 2141 385 2214 gnitatem
404 2148 564 2216 perventum
576 2156 637 2198 esse
648 2139 774 2198 dicimus:
787 2153 852 2197 eum
863 2136 935 2195 male
964 2145 1091 2217 adunque
1110 2142 1137 2200 ia
1153 2138 1259 2213 digniti
1276 2155 1316 2196 nn
1332 2136 1447 2216 eiietto,
1475 2157 1575 2200 waere
1595 2151 1650 2203 ter-

253 2232 317 2273 nero
335 2218 369 2274 ad
388 2218 462 2275 maii:
483 2224 548 2291 puta
570 2217 639 2274 bene
657 2215 829 2291 militantem,
842 2213 877 2270 ad
898 2212 937 2270 si·
965 2222 1038 2278 mine
1056 2218 1101 2277 dei
1119 2217 1221 2289 meriti3
1240 2211 1333 2291 pereid
1350 2216 1403 2272 obe
1420 2216 1531 2289 qumdo
1547 2236 1605 2278 uno
1616 2222 1650 2280 la

253 2294 356 2349 ctoriae
373 2291 552 2365 dignitatemr
577 2292 648 2350 bene
665 2294 755 2348 autem
772 2293 912 2365 regentem
926 2330 933 2363 ,
965 2294 1088 2355 meritam
1105 2293 1187 2369 Me,
1207 2292 1312 2350 dinemo
1329 2304 1422 2348 essere
1434 2297 1585 2365 penetrato
1596 2298 1651 2356 aiis

254 2368 289 2424 ad
307 2367 398 2440 regni:
417 2384 467 2425 nec
487 2384 541 2425 ηοη
552 2368 711 2425 atoniacam
723 2365 757 2423 ud
774 2363 883 2425 naboris
896 2365 935 2422 di·
965 2366 1067 2445 dignitd
1085 2369 1130 2427 dei
1150 2369 1230 2441 bene,
1250 2383 1267 2426 e
1284 2366 1394 2441 qnando
1404 2366 1440 2423 ln
1450 2369 1580 2426 mentam
1591 2388 1651 2431 m.

252 2441 937 2576 ultiniiilddsnlnlin‘it·
966 2443 1219 2580 latinitati
1238 2439 1524 2593 mliii?
1542 2445 1649 2596 iiii

257 2595 421 2668 perniones,
442 2593 523 2652 aienti
541 2593 571 2650 in
586 2594 658 2669 aiiis,
677 2597 709 2650 nt
725 2592 836 2667 quidam
854 2589 936 2666 bene,
966 2597 1039 2656 della
1057 2596 1173 2672 vitioris,
1187 2562 1309 2670 egueilo
1320 2595 1372 2653 ebe
1391 2593 1426 2652 ba
1442 2593 1497 2654 bea
1515 2610 1652 2669 guarna-

254 2670 364 2741 qnidam
383 2668 493 2744 melius,
505 2668 616 2743 quidam
628 2668 741 2744 optime,
753 2668 866 2742 quidam
877 2681 938 2723 ma·
968 2678 1033 2748 to,a
1084 2671 1137 2729 eila
1148 2671 1193 2730 del
1212 2685 1307 2744 regno:
1320 2684 1337 2727 e
1348 2667 1406 2727 cosi
1420 2668 1583 2744 ilbugiardo
1594 2674 1651 2735 alla

257 2745 295 2819 ie,
314 2743 424 2817 quidam
443 2747 531 2819 peina,
544 2744 658 2817 quidam
675 2744 795 2818 οοεηῑηηο
813 2757 939 2800 merean-
967 2686 1306 2822 digniffldeiiavergngna,
1319 2744 1355 2803 ed
1371 2744 1392 2803 il
1411 2744 1525 2803 ladroae
1539 2749 1651 2823 squel-

258 2825 312 2895 tnr,
333 2826 361 2877 et
378 2820 531 2878 huiusmodi
549 2822 763 2896 comparationes
781 2833 836 2877 ηοη
854 2818 936 2894 dant,
967 2823 995 2882 la
1012 2822 1085 2882 delle
1103 2827 1200 2881 morte.
1221 2825 1264 2880 lia
1282 2816 1375 2879 οοηοίὸ
1393 2818 1495 2878 siaclm
1506 2820 1536 2879 ‘nr
1547 2825 1649 2901 (prelii,

258 2895 310 2952 nisi
323 2910 372 2969 per
385 2902 541 2982 respectum
552 2895 587 2952 ad
598 2893 745 2953 namnum
762 2894 935 2970 monitorum,
967 2900 1017 2959 ebe
1028 2899 1160 2957 meritano
1176 2899 1247 2957 bene
1260 2938 1268 2971 ,
1289 2898 1312 2956 si
1329 2894 1450 2955 iaonitmn
1467 2901 1652 2971 compararin-

259 2986 342 3044 quem
368 2971 526 3044 dignitatem
544 2971 679 3046 dicimus,
699 2976 731 3026 nt
753 2970 859 3027 dictum
876 2973 936 3027 est:
967 2976 1005 3053 ni,
1027 2990 1044 3032 e
1062 2971 1120 3031 cosi
1139 2973 1211 3047 aegii
1229 2972 1314 3062 altri,
1340 2967 1441 3046 perche
1459 2972 1550 3031 alcuni
1568 2977 1653 3035 meri·

261 3045 483 3104 mmiiestumest
494 3046 568 3120 qnod
579 3046 723 3121 dignitates
733 3042 804 3101 inter
821 3059 852 3101 se
862 3059 939 3103 nnm-
968 3059 1029 3109 trno
1048 3050 1128 3125 bene,
1148 3049 1210 3106 nitri
1228 3048 1341 3122 meglio,
1359 3048 1423 3106 aitri
1441 3048 1653 3127 ottimamente,

262 3128 389 3195 parantur
400 3122 550 3179 secundum
562 3123 648 3194 magis
660 3126 687 3178 et
699 3119 799 3195 minus,
811 3124 939 3194 utquae·
968 3128 1002 3186 ed
1020 3125 1110 3184 alcuni
1128 3125 1259 3183 mennae
1282 3123 1365 3199 maie,
1378 3122 1440 3180 altri
1462 3126 1573 3201 peggio,
1588 3126 1652 3187 altri

260 3201 323 3256 dam
334 3214 457 3272 magnae,
470 3197 586 3270 quedam
598 3197 724 3270 nidores,
737 3193 869 3267 quaedam
881 3210 939 3251 ma·
969 3204 1186 3278 pessimamente3
1200 3215 1217 3257 e
1228 3197 1321 3258 eoneib
1333 3214 1430 3257 ancum
1449 3200 1489 3257 aia
1504 3241 1513 3274 ,
1540 3204 1593 3261 ebe
1606 3203 1653 3262 tali

262 3274 350 3330 simae
368 3276 431 3347 sint,
442 3278 470 3329 et
481 3288 531 3345 per
543 3287 712 3345 consequens
724 3269 796 3327 allud
814 3268 938 3347 dignum,
969 3277 1164 3351 comparanioni
1177 3291 1230 3333 ηοη
1242 3277 1265 3332 si
1276 3274 1406 3349 fundano,
1420 3288 1451 3332 se
1475 3290 1530 3333 ηοη
1551 3277 1653 3339 avendo

261 3350 335 3407 alind
354 3350 474 3423 dignius,
494 3347 569 3404 aliud
587 3347 778 3421 dignissimum
795 3360 856 3402 esse
874 3360 940 3402 con-
969 3352 1117 3428 rispetronl
1129 3352 1244 3408 termine
1255 3350 1411 3424 delmenia,
1436 3348 1456 3406 ii
1480 3351 1544 3424 quil
1559 3358 1653 3413 remp.

262 3432 324 3481 stat.
347 3429 455 3482 Etcum
468 3425 633 3497 comparatio
650 3420 809 3494 dignitatum
827 3436 883 3478 uon
893 3422 940 3479 liat
970 3445 1004 3489 ne
1014 3430 1026 3504 (
1037 3424 1139 3488 comet
1152 3426 1249 3502 detto)
1263 3426 1286 3483 si
1298 3425 1425 3483 dimanda
1436 3425 1553 3500 digniti3
1566 3430 1655 3487 mgni.

262 3502 334 3557 circa
353 3501 425 3556 idem
443 3499 599 3575 obiectum,
619 3500 669 3556 sed
687 3498 759 3554 eirca
776 3495 892 3571 diversa,
911 3504 941 3553 nt
969 3505 1040 3563 festa
1050 3520 1113 3564 cosa
1125 3501 1152 3579 b,
1164 3503 1216 3560 che
1227 3501 1379 3577 parimente
1396 3500 1425 3558 ie
1443 3500 1547 3575 digniti
1564 3506 1654 3563 hanno

262 3576 371 3648 dignius
389 3573 521 3648 dicamus,
540 3576 614 3647 quod
632 3573 793 3648 maioribus,
814 3571 941 3646 dignissi·
970 3580 1230 3656 comminuetis
1255 3572 1306 3652 se,
1336 3575 1491 3634 secundoli
1512 3578 1560 3653 piri
1580 3581 1653 3639 edil

263 3650 574 3796 insiliunt
586 3646 940 3800 inluminasti
972 3651 1541 3802 ,niu
1556 3698 1566 3731 ‚
1582 3657 1654 3791 :ln

264 3803 339 3874 quod
358 3801 458 3875 optima
475 3801 583 3873 optimis
608 3764 758 3857 secundnm
776 3813 869 3857 rerum
886 3763 944 3856 exi³
972 3748 1064 3866 me
1082 3771 1178 3863 ai’cnm
1197 3817 1260 3862 cosa
1277 3800 1295 3862 d
1312 3765 1423 3879 degan,
1452 3744 1594 3883 utraoegin
1611 3808 1657 3866 de·

263 3879 393 3953 gentiam,
414 3874 494 3949 digna
513 3878 578 3933 sint.
599 3876 677 3934 Unde
696 3890 761 3932 cnm
779 3875 850 3950 boc,
869 3875 943 3948 quod
972 3899 1048 3959 gna,
1068 3882 1138 3939 altra
1154 3879 1324 3953 dignissima.
1345 3883 1368 3937 ll
1386 3877 1483 3937 concili
1502 3881 1542 3938 sia
1560 3885 1613 3942 che
1631 3884 1657 3941 ia

263 3956 379 4012 dicimus
398 3952 519 4027 illustre,
540 3952 574 4009 sit
592 3952 725 4026 optimum
743 3950 858 4009 aliorum
875 3950 944 4011 vul·
972 3974 1033 4017 com
1112 3956 1174 4014 ione
1192 3953 1265 4013 delle
1283 3950 1385 4028 dignitd
1402 3968 1457 4011 non
1470 3954 1493 4012 si
1504 3954 1655 4018 bouiaeir-

267 4032 383 4104 garium,
404 4043 572 4099 consequens
589 4032 641 4102 est,
661 4032 691 4084 nt
710 4028 768 4084 sola
785 4028 887 4101 optima
905 4024 945 4083 di·
972 4050 1004 4091 ω
1022 4035 1031 4091 i
1061 4030 1211 4089 medesimo
1227 4028 1356 4105 obbietto,
1377 4044 1421 4086 ma
1438 4033 1515 4091 cirea
1532 4034 1654 4110 diversi,

265 4122 319 4179 gna
338 4106 392 4161 sint
410 4106 469 4179 ipso
487 4102 606 4161 tractari:
621 4119 691 4176 quiae
702 4103 813 4175 quidem
832 4108 945 4161 tractan-
975 4105 1075 4184 perebd
1092 4107 1199 4165 dicem
1218 4103 1266 4177 piri
1283 4105 1373 4178 degno
1390 4105 1494 4183 quello,
1514 4110 1568 4167 ebe
1587 4106 1658 4168 bde-

263 4184 361 4240 dorum
380 4179 536 4254 dignissima
545 4192 741 4253 nuncupamus.
755 4180 833 4235 Nunc
853 4183 945 4235 antem
973 4200 1028 4257 gno
1045 4185 1072 4241 di
1091 4197 1145 4240 una
1162 4195 1226 4239 cosa
1238 4178 1288 4256 piri
1305 4180 1407 4255 graame
1424 4222 1432 4255 ,
1452 4197 1468 4240 e
1492 4182 1658 4258 deguissimo

267 4272 337 4329 qnae
357 4256 411 4313 sint
430 4258 487 4330 ipsa
504 4270 645 4326 venemur,
658 4255 821 4326 adquorum
838 4254 946 4311 eviien·
1012 4259 1077 4335 eiio,
1096 4258 1148 4315 cire
1166 4252 1182 4313 ὁ
1201 4258 1291 4331 (legno
1309 4258 1400 4313 d’una
1418 4256 1486 4316 altra
1498 4273 1565 4319 cosa
1577 4277 1658 4336 gran·

267 4336 332 4392 tiam
352 4332 490 4389 sciendum
509 4336 562 4405 est,
581 4331 654 4403 qnod
673 4331 743 4386 sinant
760 4331 840 4387 bomo
858 4328 946 4402 tripii-
974 4276 1095 4411 Quinta,
1115 4329 1207 4409 perdid
1225 4335 1277 4391 che
1294 4330 1361 4389 niam
1378 4328 1433 4406 pub
1452 4348 1545 4393 esseae
1565 4337 1596 4395 di
1608 4353 1659 4395 una

265 4413 334 4470 citer
354 4406 511 4478 spirituatus
528 4412 583 4481 est,
602 4406 728 4464 videlicet
744 4402 899 4479 vegetabili,
919 4419 946 4461 a·
977 4415 1065 4469 stessa
1083 4424 1147 4468 cosa
1166 4405 1215 4481 pin
1227 4408 1336 4482 degan,
1365 4405 1511 4468 manifesto
1528 4408 1546 4470 ὲ
1563 4412 1619 4471 ebe
1635 4413 1662 4470 ia

266 4480 369 4557 nimali,
389 4487 416 4540 et
434 4482 568 4557 ratiornii,
589 4482 688 4557 triplex
699 4480 752 4539 iter
764 4478 945 4554 perambulat.
975 4499 1038 4545 ηοω
1056 4485 1150 4544 ottime
1172 4484 1313 4557 (seeundo
1331 4483 1383 4541 cbe
1400 4488 1477 4557 porta
1494 4484 1515 4542 il
1535 4487 1658 4563 dovae)

977 4576 1043 4619 sono
1061 4560 1134 4618 delle
1160 4559 1254 4619 ottime
1281 4559 1378 4633 degne.
1409 4560 1518 4621 lanade
1545 4563 1662 4622 essendo

976 4641 1073 4709 questo
1091 4635 1211 4725 volgare
1228 4635 1340 4724 illustre
1358 4632 1421 4712 (eine
1432 4635 1581 4725 dicemmn)
1599 4640 1661 4698 otti·

978 4727 1121 4862 ltili
1140 4710 1662 4849 tlliniilmnl’nlnt

979 4863 1054 4921 siano
1073 4865 1160 4938 degne
1179 4861 1207 4919 di
1226 4876 1318 4918 essere
1337 4865 1444 4919 trattate
1456 4863 1485 4920 ia
1510 4878 1594 4924 esso:
1618 4882 1661 4923 ma

979 4938 1054 5011 qnmii
1073 4939 1096 4996 si
1115 4940 1189 4995 siano
1207 4935 1253 5012 poi
1269 4935 1363 5009 quelle
1380 4939 1502 5014 materie,
1516 4941 1570 4998 che
1588 4942 1663 4998 chia-

980 5014 1080 5102 miauno
1098 5013 1274 5099 deguissime,
1295 5008 1311 5068 e
1329 5013 1418 5072 buono
1436 5014 1461 5071 ai
1480 5022 1610 5088 presente
1621 5018 1662 5074 ia-

980 5089 1352 5241 dilinitiiliild
1369 5089 1663 5227 illiniunt

981 5241 1082 5315 anime,
1101 5237 1159 5299 cine
1179 5240 1205 5296 la
1224 5238 1382 5315 vegetabile,
1402 5225 1583 5319 inanimale,
1604 5258 1621 5299 e
1640 5244 1665 5300 ia

982 5315 1124 5392 rasionnle,
1146 5314 1204 5374 cosi
1222 5331 1284 5372 esso
1301 5328 1351 5390 per
1371 5322 1412 5373 tre
1431 5317 1544 5375 sentieri
1556 5319 1665 5377 camni·
