3825 6059
419 1817 542 1884 aloen
564 1816 775 1885 SECUNDUS
1136 1815 1265 1881 Lttttto
1279 1816 1473 1883 SECONDO

522 2207 638 2263 cient
658 2208 680 2263 l.
1194 2204 1363 2260 caetoono
1382 2206 1405 2262 i.

271 2370 376 2425 outroa
387 2368 563 2413 coniurat
574 2370 623 2412 nrt
638 2369 738 2414 aomo
752 2371 787 2413 ar
799 2367 916 2416 nauare
1018 2370 1105 2425 ooru
1118 2371 1192 2414 soso
1204 2367 1308 2423 orama
1320 2370 1375 2414 car
1387 2370 1485 2414 uano
1499 2373 1596 2419 min

311 2443 453 2504 roserat,
467 2445 503 2489 rr
516 2444 619 2499 ottrrus
631 2443 690 2490 roa
703 2444 878 2490 conemur.
1043 2442 1367 2489 acroceraunium
1378 2445 1495 2499 ronam
1511 2449 1562 2492 rto.

295 2579 476 2638 ootttcinntes
488 2581 588 2638 iterum
596 2578 764 2637 celeritatem
775 2582 875 2655 ingatii
887 2596 934 2636 no
1000 2579 1190 2639 Promottendo
1198 2579 1318 2636 am‘sltra
1326 2580 1398 2637 volta
1411 2580 1438 2636 lr
1448 2582 1595 2656 diligentia
1604 2587 1649 2642 del

253 2655 313 2728 stri,
334 2660 362 2713 et
380 2654 414 2712 ad
426 2654 560 2713 calamum
578 2654 653 2727 {rugi
665 2657 757 2727 operia
776 2657 932 2729 redeuntes,
961 2660 1054 2713 nostro
1071 2657 1198 2729 ingagno,
1211 2669 1228 2712 e
1240 2655 1433 2713 ritornaodoai
1453 2658 1562 2715 ntra»
1573 2661 1647 2719 della

253 2739 314 2787 ante
334 2730 424 2789 omnia
441 2731 603 2789 confitemur
622 2729 747 2788 utinum
759 2732 880 2806 vulgara
899 2730 933 2788 il·
961 2729 1030 2786 utile
1038 2746 1129 2804 opera,
1139 2732 1292 2802 roprrogoi
1301 2745 1365 2787 cosa
1375 2730 1566 2807 comessiarno,
1575 2738 1650 2795 ch'a-

254 2806 341 2865 lustro
363 2811 416 2863 lam
436 2807 577 2880 prossus,
596 2820 677 2879 qttsttt
704 2806 817 2866 metrica
835 2807 934 2864 decue
961 2804 1001 2877 gli
1020 2810 1061 2862 sta
1080 2806 1195 2865 senem
1212 2805 1332 2861 usarsiii
1353 2806 1471 2878 Vulgare
1490 2808 1606 2868 tuliano
1617 2811 1649 2867 il·

253 2880 377 2954 proiorrl.
398 2880 452 2939 sed
463 2881 527 2954 quia
539 2882 628 2955 iprum
649 2882 829 2953 prosta‘oantes
847 2882 881 2941 ab
893 2881 934 2938 in·
962 2880 1047 2937 lustra
1063 2880 1122 2937 cosl
1140 2880 1213 2937 nella
1229 2895 1321 2954 prosa,
1339 2893 1416 2937 coms
1435 2882 1480 2938 nel
1499 2898 1591 2940 verso
1607 2890 1649 2944 la

254 2955 408 3016 ventoriios
426 2956 514 3028 magis
525 2956 671 3028 accipitrem
684 2958 787 3030 etquia
799 2958 872 3031 quod
889 2957 934 3014 in·
964 2953 1054 3027 percio
1071 2958 1123 3013 che
1140 2956 1226 3028 quelli
1242 2954 1294 3011 cire
1313 2956 1436 3013 scrirono
1454 2958 1483 3013 in
1495 2973 1591 3035 prora,
1607 2965 1648 3036 pt-

253 3039 363 3091 lentum
380 3036 423 3090 est
443 3031 652 3105 promicantibus
663 3037 802 3104 permanet
821 3034 932 3090 firmum
961 3030 1050 3103 gliano
1068 3047 1130 3088 eam
1144 3031 1260 3103 volgare
1273 3029 1382 3088 illustre
1394 3032 1592 3103 specinlmeote
1604 3037 1650 3095 dai

253 3106 403 3181 eremplar,
423 3113 452 3165 et
469 3124 523 3164 non
534 3121 551 3163 e
563 3106 706 3181 contrario,
719 3108 784 3179 quia
802 3108 933 3179 medam
962 3106 1098 3177 tromtori3
1118 3124 1135 3163 e
1152 3106 1219 3180 pero
1236 3106 1329 3178 quello
1347 3104 1427 3164 chel
1444 3114 1516 3166 stato
1528 3114 1644 3188 novam,

254 3183 378 3240 ridemur
397 3182 526 3256 praebere
538 3183 696 3255 primatum,
705 3198 772 3255 ergo
784 3184 932 3240 secundum
961 3181 1064 3237 rimone
1082 3198 1120 3238 un
1132 3181 1219 3240 termo
1231 3183 1351 3252 esemplo
1363 3182 1415 3238 alle
1429 3199 1522 3257 proso,
1536 3202 1583 3243 ma
1596 3206 1649 3246 non

164 3308 167 3312 .
252 3258 326 3330 qtrod
345 3259 488 3315 metricum
505 3264 557 3332 est,
578 3257 666 3331 ipsum
685 3259 876 3333 carmioemus,
889 3275 934 3314 or·
960 3256 985 3313 ai
1005 3258 1149 3329 contrario,
1164 3272 1213 3329 per
1225 3255 1268 3313 cit
1286 3257 1336 3313 che
1349 3256 1446 3314 alcnue
1464 3273 1531 3316 cose
1549 3264 1648 3333 paiouo

252 3335 316 3389 ‹iirte
336 3339 530 3405 pertractantes
549 3332 611 3405 illo,
632 3348 715 3405 quem
733 3334 761 3389 in
779 3336 833 3391 true
852 3334 932 3406 primi
961 3331 1026 3387 dare
1044 3331 1213 3405 principaliti
1232 3333 1257 3390 al
1276 3348 1365 3389 verso:
1383 3333 1509 3406 adunque
1530 3341 1650 3397 secondo

253 3407 315 3464 libri
329 3408 506 3480 polluximus.
521 3412 685 3476 Quaeramus
697 3408 780 3480 igitur
798 3408 886 3481 prins,
900 3425 933 3463 u·
961 3408 1012 3463 cire
1032 3423 1092 3463 esso
1110 3405 1126 3464 e
1146 3408 1267 3481 metrico,
1287 3408 1522 3483 versifichiamolo,
1536 3417 1649 3472 trattau-

257 3489 330 3537 trum
355 3485 537 3542 versificantes
560 3483 707 3557 vulgariter
731 3483 844 3541 debeant
865 3483 934 3540 illud
962 3480 1022 3539 dolo
1041 3482 1292 3557 conquell‘ordinc,
1306 3483 1410 3540 cirenei
1431 3485 1486 3541 fine
1499 3487 1543 3543 del
1557 3490 1647 3560 primo

254 3557 305 3625 nti;
326 3563 353 3613 el
373 3559 516 3630 superficie
535 3562 613 3614 tenus
630 3557 758 3632 videtur,
779 3558 852 3630 qnod
872 3559 931 3630 sic3
962 3556 1030 3614 libro
1048 3574 1140 3614 avemo
1163 3574 1311 3632 promesso.
1332 3559 1491 3616 Corchianro
1514 3563 1643 3638 adunque

254 3632 318 3704 quia
336 3634 433 3707 omnis,
455 3634 500 3705 qui
513 3633 690 3705 versificatur,
705 3648 767 3690 suos
781 3649 875 3690 versus
887 3650 935 3690 ex·
961 3633 1149 3707 primamente,
1170 3650 1200 3690 se
1219 3636 1280 3691 tutti
1298 3634 1382 3706 quelli
1401 3638 1452 3692 che
1469 3634 1553 3694 launo
1572 3641 1644 3697 versi

254 3720 350 3763 ornare
369 3707 449 3764 debet
469 3709 637 3781 inquantum
651 3714 751 3781 potest.
773 3712 858 3776 Quare
870 3726 933 3767 cmn
961 3708 1072 3781 volgari,
1094 3709 1120 3765 lo
1139 3712 1226 3767 denno
1244 3725 1334 3783 usare,
1356 3724 1436 3766 ono.
1458 3714 1532 3769 Vero
1550 3710 1579 3786 e,
1594 3718 1643 3775 cire

256 3781 363 3839 nullum
385 3782 420 3838 sit
440 3787 494 3838 tam
512 3783 621 3855 grandis
639 3783 829 3857 exornationis,
850 3801 932 3858 quam
963 3783 1020 3838 eost
1033 3784 1277 3856 superficialmente
1289 3801 1387 3858 appare
1400 3786 1426 3841 di
1441 3784 1475 3857 sl,
1492 3790 1645 3859 percioche

256 3859 377 3931 vulgare
398 3856 518 3931 illustre,
533 3858 649 3930 videtur,
659 3858 732 3930 quod
743 3859 861 3932 quisque
873 3876 933 3916 ver·
962 3860 1088 3916 ciascuno
1100 3860 1149 3916 che
1168 3858 1195 3915 ia
1213 3861 1294 3932 versi,
1308 3861 1358 3918 dee
1370 3876 1467 3918 ornare
1481 3863 1488 3917 i
1505 3865 1565 3921 suoi
1578 3867 1648 3924 versi

255 3934 372 3991 sificator
385 3934 481 3992 debeat
494 3932 583 4006 ipsum
603 3935 651 3989 uti.
668 3936 807 3990 Praeterea
819 3935 891 4007 quod
904 3952 934 3991 o-
963 3936 990 3989 in
1008 3939 1109 4005 quanto
1120 3936 1136 3991 ’i
1159 3932 1219 4007 pulo.
1238 3932 1274 3990 ra
1287 3936 1357 3992 onde
1369 3952 1422 3992 non
1436 3939 1553 3996 essendo
1567 3941 1650 3998 niuno

254 4010 369 4081 ptimum
388 4014 430 4065 est
449 4010 477 4066 in
496 4024 597 4081 genere
610 4024 669 4080 suo,
684 4009 706 4064 si
726 4011 781 4065 suis
801 4010 934 4067 inferiori·
964 4010 987 4065 sl
1007 4011 1110 4082 grande
1128 4016 1295 4083 ornamento,
1315 4008 1429 4068 com‘eil
1446 4014 1568 4086 volgare
1584 4017 1649 4072 llln-

255 4084 307 4141 bns
327 4086 492 4158 misceatur,
514 4100 567 4142 non
587 4084 675 4140 solum
693 4084 730 4139 nil
750 4086 879 4158 derogare
898 4088 934 4142 vi·
964 4093 1031 4160 stre,
1044 4100 1109 4156 pure
1127 4088 1178 4144 circ
1196 4087 1323 4142 ciascuno
1342 4088 1523 4146 versificatore
1543 4088 1649 4150 lodelr

255 4161 334 4216 detur
352 4162 408 4232 eis,
431 4160 480 4216 sed
498 4175 530 4216 ea
549 4158 691 4215 meliorare
710 4159 825 4215 videtur.
847 4167 935 4228 Quare
963 4162 1007 4218 bia
1025 4177 1115 4217 usare.
1129 4161 1204 4217 Oltre
1222 4161 1249 4217 di
1268 4167 1375 4235 questo,
1396 4178 1425 4220 se
1436 4164 1542 4238 quello,
1554 4167 1609 4224 che
1622 4170 1648 4223 in

254 4237 277 4290 si
296 4237 357 4307 quis
375 4235 550 4308 versificator,
569 4249 733 4307 quamquam
746 4235 814 4291 rude
832 4237 935 4292 versili·
964 4253 1013 4293 suo
1031 4251 1131 4309 genere
1150 4233 1166 4292 e
1184 4237 1288 4311 ottimo,
1308 4239 1330 4293 si
1349 4237 1467 4294 mescola
1486 4254 1540 4297 con
1560 4239 1591 4299 lo
1609 4243 1650 4299 io·

254 4315 330 4367 cetur
347 4354 355 4384 ,
376 4310 464 4384 ipsum
484 4326 546 4367 suae
565 4310 673 4367 ruditati
693 4310 860 4384 admisceat,
882 4328 935 4367 non
963 4311 1071 4387 seriore,
1083 4325 1146 4383 pare
1158 4312 1208 4369 che
1221 4326 1276 4367 non
1288 4313 1435 4368 solamente
1447 4326 1504 4369 nou
1521 4312 1563 4387 gli
1576 4316 1648 4391 tolga

255 4385 345 4442 solum
363 4386 434 4444 bene
451 4386 503 4459 ipsi
531 4386 639 4443 ruditati
657 4384 756 4457 saciet,
778 4387 827 4442 sed
845 4388 934 4460 ipsum
963 4388 1048 4460 nulla,
1068 4402 1112 4442 ma
1130 4387 1181 4441 cire
1200 4386 1227 4442 lo
1245 4384 1329 4443 laceio
1348 4386 1481 4460 migliore.
1498 4393 1521 4446 E
1541 4391 1611 4463 perd
1622 4408 1650 4450 se

255 4462 295 4517 sic
314 4461 405 4518 tacere
424 4467 549 4533 oportere
568 4460 682 4517 videtur.
704 4458 787 4519 ltulto
805 4462 892 4533 magis
904 4476 935 4517 o-
964 4463 1044 4521 atcun
1063 4461 1242 4518 versificatore
1262 4461 1369 4534 (ancora
1388 4464 1439 4519 che
1457 4462 1544 4521 faccia
1565 4482 1652 4524 roera·

254 4551 307 4610 pus
327 4541 369 4593 est
388 4536 518 4594 adiutorio
535 4535 602 4610 illis,
616 4536 663 4608 qui
676 4549 772 4610 pauca,
794 4550 876 4609 quam
888 4538 934 4609 qui
965 4543 1056 4594 mento
1075 4538 1166 4608 versi)
1188 4537 1214 4593 lo
1235 4534 1381 4594 mescolerd
1406 4552 1458 4592 con
1476 4536 1504 4593 la
1524 4555 1574 4594 sua
1593 4558 1649 4601 ma-

255 4614 340 4668 mnlta
359 4617 483 4684 possunt,
497 4615 525 4667 et
544 4612 583 4667 sic
596 4615 706 4685 apparet
717 4612 791 4683 quod
809 4611 935 4669 omnibus
963 4628 1048 4686 amm,
1062 4627 1115 4666 non
1135 4612 1283 4669 solamente
1302 4628 1317 4667 a
1330 4612 1366 4668 lei
1379 4609 1437 4669 lari
1449 4614 1532 4687 bene,
1547 4631 1594 4671 ma
1604 4633 1651 4692 ap-

253 4687 469 4745 versifioautibus
489 4685 570 4743 liceat
587 4687 677 4761 ipsum
689 4686 737 4741 uti.
753 4686 806 4743 Sed
824 4686 936 4743 hoctal·
964 4703 1029 4761 pare
1049 4688 1098 4742 che
1119 4687 1176 4743 cosl
1195 4686 1234 4759 gli
1253 4685 1292 4743 sia
1310 4685 1422 4759 bisogno
1441 4689 1467 4744 di
1486 4687 1569 4763 lare;
1592 4708 1653 4769 per-

254 4764 392 4820 sissinrum
411 4767 463 4836 est,
482 4762 547 4833 quia
565 4778 615 4819 nec
635 4776 743 4834 semper
761 4761 934 4819 excellentis·
965 4761 1007 4819 cil
1024 4763 1074 4818 che
1088 4762 1171 4819 molto
1189 4760 1267 4836 epid
1286 4762 1399 4836 bisogno
1411 4763 1437 4819 di
1451 4765 1552 4822 aiutoa
1565 4768 1649 4839 quelli

255 4839 322 4895 sime
351 4842 489 4913 poetantes
508 4838 607 4895 debent
626 4836 695 4893 illud
714 4837 845 4913 induere,
866 4838 936 4894 sicut
964 4839 1015 4895 che
1044 4853 1133 4910 ponno
1151 4853 1241 4911 poco,
1274 4839 1325 4895 che
1349 4855 1365 4894 a
1388 4840 1473 4911 quelli
1492 4841 1545 4897 che
1565 4857 1653 4915 pomo

164 4912 166 4916 ’
254 4930 304 4990 per
334 4914 447 4970 interius
475 4918 635 4986 pertractata
667 4913 797 4985 perpendi
824 4914 933 4986 poterit.
964 4912 1054 4984 assai,
1087 4913 1176 4970 eoosi
1196 4928 1318 4987 appare,
1350 4916 1433 4972 cirea
1461 4916 1524 4971 tutti
1543 4918 1551 4973 i
1571 4920 1653 4975 versi·

256 4992 344 5061 Exigit
363 5005 429 5061 ergo
448 4988 520 5045 istud
533 4989 584 5046 sibi
597 4985 752 5046 consimiles
771 4989 854 5063 viros,
866 5002 935 5060 que·
964 4988 1068 5047 ficatori
1098 4987 1137 5044 sia
1164 4989 1247 5046 lecito
1273 4988 1301 5044 di
1321 4990 1422 5045 usarlo.
1453 4993 1497 5046 tta
1521 4999 1619 5063 questo
1636 4993 1653 5051 l

964 5064 1129 5133 talsisslmo;
1156 5061 1247 5136 percio
1265 5064 1317 5120 ohe
1341 5079 1437 5121 ancora
1462 5066 1502 5137 gli
1521 5068 1653 5127 eccellen-

967 5140 1063 5195 tissimi
1083 5139 1157 5196 Poeti
1182 5153 1236 5194 non
1255 5154 1286 5195 se
1309 5154 1344 5196 ne
1368 5140 1458 5198 denno
1476 5156 1590 5216 sempre
1607 5159 1652 5202 ve

966 5216 1042 5286 stire,
1063 5228 1140 5272 come
1160 5228 1209 5286 per
1227 5212 1255 5270 le
1276 5226 1339 5269 cose
1357 5213 1385 5272 di
1406 5219 1477 5272 sotto
1499 5222 1608 5274 trattate
1627 5221 1647 5276 si

965 5287 1041 5363 potri
1060 5290 1266 5365 comprendere.
1280 5292 1411 5364 adunque
1424 5298 1523 5364 questo
1537 5292 1647 5353 lliustre
