3825 6059
847 499 1005 582 anteron'a
1023 531 1067 579 vt.
1474 575 1475 579 ,
1540 514 1605 582 oio

252 686 451 759 dispositionem
471 684 627 743 elevationis
656 689 744 743 tardae
771 699 821 758 per
839 700 934 755 peeca-
961 689 1056 740 contro
1075 683 1099 739 la
1118 682 1293 756 dispositione
1312 685 1338 741 di
1359 689 1463 741 cotanta
1482 685 1647 759 elevatezza,

256 766 314 817 tum
345 761 477 833 loquentis
505 762 689 836 oblatrarent,
718 762 810 834 legunt
836 762 933 816 Danu·
962 759 1158 817 attribuendola
1177 777 1193 816 a
1211 758 1305 815 diletto
1322 760 1366 817 del
1388 762 1516 835 dicitore,
1538 761 1650 836 leggono

254 836 310 892 lem
330 836 422 910 (139),
437 838 482 894 ubi
494 842 522 893 et
534 837 779 894 Nabuchodonosor
798 836 934 893 insanient
964 835 1083 907 Daniele,
1097 849 1145 892 ove
1165 835 1323 892 troveranno
1340 839 1390 894 che
1408 836 1648 894 Nabuccodonosor

256 917 350 969 contra
369 918 524 985 peccatores
542 912 632 983 aliqua
658 912 758 968 vidisse
785 911 933 985 didnitus,
965 926 1015 983 per
1038 910 1127 967 divino
1144 908 1234 966 volere
1252 910 1312 967 vide
1332 912 1427 968 alcune
1446 926 1509 968 cose
1527 918 1621 970 contro
1640 914 1648 969 i

257 986 437 1059 oblivionique
456 987 606 1045 mandasse.
628 990 697 1046 Nam
717 986 794 1059 aqui
812 986 876 1041 oriri
895 1002 937 1042 so·
966 987 1112 1057 peccatori,
1132 985 1204 1041 delle
1223 986 1296 1057 quali
1314 986 1358 1059 poi
1377 988 1400 1043 si
1419 984 1524 1043 scordb.
1541 990 1648 1061 imper-

257 1062 313 1116 lem
333 1078 413 1118 suum
430 1063 494 1120 iacit
513 1078 594 1137 super
621 1065 706 1122 bonos
734 1069 762 1119 et
781 1062 888 1134 malos,
910 1067 937 1117 et
965 1058 1074 1117 cioccbir
1092 1061 1187 1131 Quegli
1209 1062 1289 1117 «obe
1307 1061 1334 1118 ia
1354 1076 1465 1135 sorgere
1483 1060 1502 1117 il
1522 1065 1586 1119 sole
1605 1078 1648 1119 so·

238 1136 328 1215 ¹pluit
355 1153 436 1211 super
454 1141 539 1195 iustos
568 1144 596 1195 et
614 1138 727 1196 iniustos
745 1136 827 1211 (110)
843 1158 857 1187 o
889 1137 938 1192 ali·
967 1152 1017 1208 pra
1034 1137 1044 1193 i
1061 1136 1144 1194 buoni
1163 1136 1331 1210 egualmente
1349 1139 1399 1194 che
1418 1153 1496 1210 sopra
1514 1139 1523 1193 i
1542 1139 1647 1212 cattivi,

259 1213 365 1283 quando
383 1212 593 1271 misericorditer
611 1215 645 1271 ad
663 1213 875 1285 conversionem,
889 1210 938 1267 aii·
966 1226 982 1266 e
1001 1212 1077 1284 piove
1096 1212 1123 1268 le
1142 1227 1191 1267 aue
1208 1213 1319 1283 rugiade
1337 1229 1416 1285 sopra
1435 1212 1536 1285 igiusti
1555 1214 1649 1286 egual-

260 1290 367 1358 quando
386 1304 477 1345 severe
489 1289 523 1345 ad
536 1290 703 1362 punitionem
722 1288 815 1363 (111),
829 1287 892 1359 plus
911 1291 939 1343 et
968 1292 1058 1343 mente
1075 1287 1126 1344 che
1145 1287 1331 1360 sugI’ingiusti
1346 1309 1359 1338 o
1374 1287 1481 1345 talvolta
1499 1290 1650 1347 misericor-

261 1364 360 1437 minus,
380 1369 410 1419 ut
427 1365 495 1437 vult,
509 1364 623 1435 gloriam
643 1380 719 1422 auam
732 1369 940 1439 quantumcum·
967 1361 1131 1419 diosamente
1149 1362 1202 1420 alla
1220 1364 1402 1439 conversione,
1421 1363 1525 1420 talaltra
1542 1380 1649 1421 cesera-

262 1453 317 1511 que
336 1439 406 1496 male
423 1439 571 1497 viventibus
588 1438 748 1499 manifestat.
968 1442 1058 1494 mente
1077 1437 1129 1495 alla
1148 1436 1359 1513 pnniaione,pii1
1377 1453 1486 1496 emeno
1504 1441 1620 1497 siccome
1632 1457 1653 1497 a

969 1514 1018 1569 bui
1037 1514 1123 1588 piace,
1136 1515 1161 1569 la
1174 1530 1222 1570 sua
1239 1514 1327 1587 gloria
1345 1531 1360 1570 a
1373 1513 1473 1589 coloro,
1483 1517 1535 1572 che
1547 1516 1650 1574 sebben

969 1589 1131 1645 malamente
1149 1588 1252 1665 vivona,
1272 1588 1424 1646 manifesta.

304 1666 349 1720 28.
371 1664 447 1724 Vidit
465 1680 541 1741 ergo,
561 1670 592 1724 ul
609 1665 684 1742 dicit,
704 1665 795 1740 aliqua
812 1680 940 1735 quaere-
1008 1666 1055 1723 28.
1070 1665 1139 1722 Vide
1157 1665 1292 1740 adunque,
1307 1665 1360 1738 egli
1378 1665 1448 1739 dice,
1462 1665 1558 1722 alcuna
1576 1680 1649 1739 cose,

266 1740 446 1806 [manescit
474 1749 500 1798 et
519 1748 616 1813 nequit
645 1745 765 1799 rediens.
794 1742 941 1814 Diligenter
970 1742 1018 1796 ebe
1036 1741 1125 1795 aldire
1145 1740 1280 1797 Ndsond
1297 1743 1354 1810 pud
1372 1746 1439 1809 qual
1458 1742 1487 1795 di
1507 1741 1583 1797 lossal
1605 1743 1649 1794 di-

264 1814 366 1889 quippe
385 1818 528 1874 noandum
548 1823 600 1893 est,
621 1819 693 1890 quod
711 1818 788 1892 dicit,
808 1818 895 1873 nescit
914 1821 941 1872 et
970 1817 1076 1872 scendo.
1091 1816 1315 1889 Diligentemente
1333 1813 1349 1872 d
1365 1816 1408 1871 nel
1428 1832 1492 1873 vero
1510 1818 1650 1889 auolarsi,

263 1893 368 1961 nequit.
389 1893 491 1967 Nescit,
509 1894 573 1966 quia
590 1894 700 1966 obiitne
720 1891 835 1968 aequit,
855 1890 940 1965 quia,
970 1891 1098 1963 com’egli
1117 1892 1177 1949 dica
1194 1892 1230 1946 nd
1249 1907 1281 1948 aa
1298 1893 1333 1947 cd
1352 1894 1416 1959 pud.
1430 1894 1480 1949 Nol
1500 1892 1651 1967 laperche

265 1966 289 2021 si
308 1967 464 2026 recordatur
483 1973 510 2024 et
521 1975 677 2027 contentum
695 1973 778 2043 tenet,
799 1982 890 2025 sermo
902 1971 942 2023 ta-
971 1967 1126 2040 dinanum,
1140 1968 1184 2025 nol
1205 1966 1269 2043 pud,
1281 1966 1392 2041 perche,
1406 1982 1436 2024 se
1454 1967 1509 2042 egli
1527 1968 1554 2026 lo
1572 1967 1594 2023 si
1613 1970 1650 2024 ri-

220 2058 226 2069 ·
266 2056 330 2097 men
349 2042 440 2101 deficit
458 2042 547 2119 (tta).
562 2046 646 2103 llnlta
664 2060 781 2119 namque
799 2059 850 2116 per
861 2044 942 2099 intel·
971 2043 1063 2117 corda,
1085 2057 1101 2098 e
1119 2044 1196 2100 serbe
1214 2042 1232 2098 il
1252 2047 1407 2116 contenuto,
1427 2059 1495 2115 pure
1513 2044 1540 2101 le
1559 2045 1651 2117 parole

265 2115 368 2172 lectum
380 2120 621 2193 videmus,quibus
634 2119 821 2193 signavocalia
832 2119 941 2192 desunt,
972 2134 1076 2192 vengon
1094 2126 1182 2175 meno.
1197 2120 1278 2177 llolta
1296 2135 1358 2178 cose
1376 2119 1462 2175 inialti
1473 2118 1653 2176 coll’intellet-

267 2194 341 2266 quod
359 2194 423 2250 satis
442 2194 518 2252 Plato
534 2196 651 2253 insinuat
667 2196 703 2267 pin
721 2196 777 2252 suis
795 2195 872 2252 libris
894 2208 944 2268 par
972 2199 999 2252 to
1011 2195 1162 2268 veggiamo,
1175 2195 1249 2252 delle
1267 2196 1339 2269 qudi
1357 2209 1486 2251 mancano
1498 2196 1507 2251 i
1520 2195 1596 2265 segni
1607 2210 1653 2251 vo

266 2270 476 2343 assumptionem
488 2272 757 2343 metaphorismorum
771 2269 862 2347 (113).
877 2270 945 2326 tlul·
973 2270 1044 2345 cali,
1064 2269 1092 2328 lo
1111 2270 1162 2326 cbe
1180 2270 1338 2329 abbaatmaa
1356 2271 1463 2327 insinua
1482 2270 1591 2327 Platone
1609 2271 1653 2326 nei

269 2348 296 2399 ta
314 2347 387 2401 enim
405 2360 455 2417 per
476 2346 567 2403 lumen
593 2348 775 2405 intellectuale
786 2345 862 2421 vidit,
875 2361 945 2418 quae
974 2346 1032 2403 suoi
1050 2345 1113 2404 libri
1133 2360 1183 2419 per
1207 2347 1391 2406 l’assunaione
1416 2345 1653 2402 de’lletaiorismi.

270 2434 395 2477 sermone
415 2423 524 2495 proprio
541 2425 635 2497 nequit
653 2423 816 2496 exprimere.
975 2422 1055 2479 llolle
1073 2420 1244 2480 cosciniatti
1263 2425 1306 2496 pel
1328 2425 1401 2480 lunae
1421 2420 1655 2478 intellettualeoo
1717 2467 1722 2476 .

973 2496 1071 2572 nabbe,
1085 2497 1112 2553 le
1123 2498 1195 2571 quati
1214 2514 1265 2555 con
1278 2498 1387 2573 proprio
1406 2497 1525 2556 dismrso
1537 2512 1591 2553 non
1602 2496 1656 2552 ral-

633 2625 643 2645 ,
975 2590 1005 2631 se
1022 2574 1056 2629 ad
1074 2576 1232 2646 esprimere.
1712 2634 1721 2648 ‚

309 2650 355 2703 29.
377 2649 471 2705 Postea
490 2648 568 2725 dicit,
589 2665 617 2707 ae
634 2651 780 2707 dicionem
798 2651 863 2712 illo,
876 2665 946 2719 quoa
1015 2650 1061 2704 29.
1075 2650 1214 2721 Appresso
1232 2649 1303 2724 dice,
1316 2649 1368 2707 cbe
1380 2646 1438 2708 diri
1450 2647 1581 2720 diquelle
1593 2660 1655 2703 cose

272 2725 305 2779 de
322 2739 406 2792 reqao
425 2728 533 2782 coeletis·
546 2732 668 2783 retinen
687 2731 787 2802 potuit,
801 2726 946 2784 eibocdl·
975 2726 1018 2782 del
1036 2740 1120 2791 repon
1141 2724 1237 2798 Scato,
1252 2727 1323 2783 delle
1336 2726 1409 2799 qudi
1422 2724 1569 2782 Nelloauo
1580 2737 1655 2776 meat-

271 2800 307 2855 cit
326 2814 398 2873 esse,
418 2806 566 2858 sommium
583 2809 629 2859 soi
648 2810 752 2873 operia·
768 2817 839 2875 quae
857 2801 946 2872 qualia
975 2808 1002 2857 te
1019 2800 1081 2869 pote
1099 2801 1148 2866 [or
1166 2807 1268 2868 teroem·
1281 2817 1297 2858 e
1309 2799 1351 2859 cib
1368 2801 1429 2859 dice
1447 2797 1581 2857 esserela
1593 2813 1654 2850 mo-

272 2875 325 2931 sint
343 2882 370 2932 et
389 2882 498 2951 quanta,
518 2880 546 2935 in
564 2886 639 2953 parte
657 2881 796 2936 execuliva
815 2877 925 2950 patebit.
976 2880 1048 2933 terto
1066 2879 1108 2931 del
1127 2890 1179 2930 sco
1191 2885 1311 2946 coato;e
1322 2884 1419 2951 queste
1436 2890 1499 2933 cose
1516 2874 1590 2945 quati
1602 2873 1654 2928 sia-

976 2968 1011 3008 no
1028 2967 1045 3008 e
1063 2957 1171 3027 quante,
1188 2954 1260 3010 nella
1277 2960 1353 3026 parte
1370 2952 1503 3011 esecutiva
1520 2945 1655 3021 apparird.

313 3028 359 3082 30.
381 3025 577 3099 deindequum
588 3030 654 3086 dicit
669 3028 945 3097 oooootpottoetc.
1017 3028 1061 3082 30.
1076 3029 1213 3101 Appresso
1231 3032 1337 3099 quando
1355 3028 1415 3085 dice
1438 3025 1563 3083 Oduoao
1577 3026 1657 3093 Apob

269 3099 333 3157 iacit
353 3102 544 3160 invocationem
575 3120 662 3161 suana.
684 3110 717 3163 Et
745 3103 870 3162 dividitur
898 3102 948 3159 ista
977 3106 1003 3157 to
1021 3120 1060 3159 ee.
1073 3102 1100 3160 ia
1119 3103 1145 3158 la
1165 3122 1212 3161 sua
1231 3106 1407 3164 invocatione.
1422 3108 1444 3162 E
1462 3107 1559 3175 questa
1577 3105 1656 3175 parte

270 3196 334 3252 pars
353 3179 380 3233 in
399 3186 487 3250 partes
506 3180 584 3252 duas3
598 3181 625 3236 in
638 3183 725 3254 prima
742 3178 889 3237 invocando
902 3194 948 3249 pe
978 3181 1087 3239 dividesi
1102 3178 1134 3235 'in
1153 3181 1216 3237 due:
1229 3180 1301 3238 'nella
1320 3181 1406 3254 prima
1423 3178 1517 3236 chiede
1535 3178 1657 3233 invocari·

271 3256 320 3325 tit,
341 3255 368 3309 in
388 3256 505 3312 secunda
533 3257 628 3313 suadet
648 3256 765 3332 Apollini
792 3254 948 3330 petitionem
977 3258 1021 3331 do,
1034 3256 1107 3312 nella
1119 3256 1233 3313 seconde
1252 3256 1384 3331 persuade
1395 3255 1492 3329 Apollo
1509 3251 1580 3309 della
1590 3249 1657 3309 iatla

268 3328 377 3402 iactam,
399 3331 642 3388 remunerationem
660 3332 796 3405 quandam
814 3343 949 3403 praenun-
977 3332 1125 3403 domanda,
1146 3332 1343 3405 pronunciando
1367 3349 1421 3389 una
1440 3335 1513 3388 certa
1530 3342 1658 3385 remorre-

273 3406 351 3478 tians,
372 3410 398 3461 et
417 3406 512 3478 incipit
531 3409 647 3464 secunda
666 3425 729 3482 pars
748 3407 796 3464 ibi:
813 3407 949 3461 ddsotoo
977 3408 1120 3466 maioneze
1138 3413 1233 3480 questa
1251 3408 1366 3465 emunda
1383 3412 1458 3481 parte
1475 3403 1606 3464 comincia
1623 3402 1657 3458 ivi

272 3487 377 3536 otrtos.
399 3484 487 3539 Prima
507 3498 570 3556 para
582 3483 709 3540 dividitur
722 3486 748 3540 iu
761 3487 852 3557 parles
870 3482 947 3538 duas:
982 3484 1122 3542 Odiot'no
1139 3484 1229 3540 virid.
1252 3486 1289 3541 ba
1321 3484 1409 3557 prima
1427 3487 1503 3557 peric
1521 3480 1545 3537 si
1569 3479 1658 3537 divide

272 3557 300 3612 in
320 3558 406 3628 prima
424 3559 490 3630 petit
502 3557 620 3614 divinum
633 3560 774 3632 auxilium,
789 3556 818 3612 in
831 3556 950 3613 secunda
979 3562 1008 3617 in
1025 3561 1089 3616 due:
1109 3560 1183 3617 nella
1201 3559 1287 3633 prima
1306 3559 1421 3633 implora
1439 3558 1539 3616 l’aiuto
1557 3554 1657 3627 dirin03

271 3633 356 3704 tangit
375 3632 562 3690 necessitatem
581 3649 647 3693 auae
659 3634 804 3708 petitionis,
824 3635 896 3706 qnod
908 3636 951 3689 est
979 3635 1051 3694 nella
1070 3635 1183 3694 seomda
1201 3641 1276 3694 tocca
1293 3635 1366 3694 della
1377 3630 1509 3695 necessild
1526 3631 1596 3690 della
1609 3648 1656 3688 sua

273 3914 415 4024 :istite
431 3895 887 4044 qiiiv‘iiia'idgiiiia's'iiii
902 3902 953 4021 tlt
1048 4027 1052 4032 ,

272 4042 364 4096 dicere
378 4082 387 4110 ,
414 4061 483 4104 nos,
502 4043 525 4097 si
542 4061 671 4114 cursum,
690 4061 771 4116 quem
787 4040 864 4096 nobis
881 4042 953 4094 Deus

272 4118 403 4185 imperat,
416 4126 443 4171 et
460 4134 539 4187 quem
552 4119 694 4173 tenendum
704 4115 876 4187 suscepimus,
890 4131 953 4188 conf

272 4188 434 4241 stantissime
453 4189 630 4253 tenuerimus,
645 4200 830 4263 perventuros,
842 4205 890 4259 per
901 4186 954 4242 vir-

275 4265 357 4313 tutem
375 4260 425 4314 Dei
443 4268 522 4332 alque
533 4263 711 4334 sapientiam,
723 4263 758 4318 ed
775 4278 903 4317 summm
921 4258 954 4312 il·
985 4301 994 4313 .

272 4332 451 4418 lamecensem
465 4333 511 4388 rel
527 4351 657 4391 summurn
669 4342 806 4390 auctorem
825 4334 953 4417 rellsnm·

273 4405 955 4602 algidilitltffditlizlla'tltill

294 4568 310 4604 0
353 4560 370 4603 l.
394 4568 406 4603 b

275 4569 293 4622 p
310 4620 387 4694 (139)
405 4619 439 4694 11,
452 4621 480 4680 8.
496 4640 509 4677 e
524 4622 584 4679 vidi
595 4624 742 4685 somnium,
755 4630 784 4681 el
793 4626 882 4680 menie
894 4639 955 4675 con·

274 4693 347 4749 fusus
364 4696 460 4766 ignoro
477 4694 541 4766 quid
559 4696 671 4754 viderim
683 4714 708 4754 t.

312 4766 389 4837 (110)
408 4768 504 4822 blattis.
525 4766 571 4839 V,
590 4769 635 4826 45.

309 4837 393 4910 (itt)
410 4839 451 4895 lta
468 4856 529 4895 cnm
547 4841 654 4914 Magl.:
673 4839 757 4911 vulgo
774 4837 904 4911 paritate.

313 4912 390 4983 (142)
399 4911 441 4970 cf.
451 4910 535 4968 Conv.
547 4915 626 4969 Auci.
637 4912 683 4977 lIl,
692 4912 722 4968 4.
732 4911 784 4967 lat.
793 4912 916 4972 XXVlll,
926 4909 954 4965 d.

311 4984 387 5057 (itt)
406 4986 481 5053 Quae
499 4987 533 5043 de
550 4987 664 5043 Platone
681 4985 751 5059 apud
775 4984 954 5041 Aristotelem.

277 5058 453 5133 Porphyrium
466 5059 734 5133 atquebuguntinum
746 5055 956 5117 salemannia-

275 5133 394 5184 oloribus
412 5130 493 5186 medii
510 5134 572 5189 aevi
589 5149 687 5189 nomen
723 5129 835 5200 riaoipis
853 5129 956 5186 Acade·

277 5205 406 5259 micorum
425 5205 493 5259 adso
510 5205 683 5263 reddiderant
698 5150 832 5260 finitimo
849 5209 878 5256 ul
896 5202 955 5272 ipsa

276 5275 349 5332 itlius
367 5294 448 5352 opera
464 5279 591 5335 manibus
607 5286 736 5338 bactuse
753 5276 917 5336 riderentur.
