3825 6059
282 553 349 619 too
774 566 820 614 ns
837 565 978 617 curcum
992 565 1135 624 eroouro

236 734 301 788 gare
320 716 442 788 illustre,
462 722 491 773 et
509 731 559 788 per
577 729 747 787 consequens
763 714 919 771 santionem
949 728 1017 786 gare
1035 714 1158 788 illustre,
1177 730 1194 772 e
1213 720 1487 788 oonseguentemente
1504 717 1538 775 da
1557 717 1652 791 legare

239 796 336 867 ligere.
356 790 385 848 Si
401 806 465 847 vero
475 790 591 865 comice,
605 794 669 846 tunc
686 788 849 861 quandoque
861 804 921 846 me-
949 789 977 848 la
995 792 1129 859 mamm
1144 805 1188 847 ma
1208 806 1238 846 se
1257 806 1325 848 sono
1343 792 1378 848 da
1396 793 1514 849 cantani
1533 808 1588 849 con
1600 808 1651 849 co-

236 870 339 943 diocre,
357 866 518 939 quandoque
530 865 634 923 humile
647 865 767 937 vulgare
785 868 918 936 sumatur;
950 865 1038 942 mico,
1058 864 1082 921 si
1099 864 1181 937 piglia
1199 865 1294 922 alcum
1312 865 1383 923 volta
1404 867 1421 922 ii
1445 868 1569 941 volgare
1588 883 1647 925 me·

237 944 343 1001 eteius
361 941 549 999 discretiooem
568 940 597 997 in
615 943 713 1014 quarto
730 939 811 996 huius
828 956 920 997 reser-
949 942 1052 1015 diocre,
1072 941 1107 997 ed
1125 940 1221 997 alcuna
1240 941 1312 999 volta
1330 941 1452 1016 l’umile3
1467 943 1493 999 la
1511 942 1649 1000 divisione

237 1036 332 1076 ramus
350 1018 502 1076 ostendere.
522 1016 552 1073 Si
569 1021 661 1073 antem
679 1014 810 1089 elegiace,
830 1014 920 1072 solum
950 1018 994 1077 dei
1014 1015 1087 1090 quali
1107 1015 1151 1072 nel
1169 1021 1265 1090 quarto
1283 1016 1311 1073 di
1328 1019 1501 1148 quest‘opn
1520 1018 1548 1076 ci
1562 1019 1649 1077 sisae

234 1094 340 1151 humile
358 1108 409 1157 nos
427 1097 531 1166 oportet
550 1105 668 1148 sumere.
689 1092 744 1149 sed
761 1092 919 1148 omittamus
949 1092 1036 1150 riamo
1054 1109 1070 1149 a
1085 1098 1226 1149 inusitate.
1241 1095 1277 1149 Se
1289 1092 1335 1165 poi
1353 1108 1405 1150 oon
1424 1094 1560 1166 segiaco,
1575 1094 1651 1152 biao-

235 1171 327 1244 alios,
347 1174 374 1226 et
393 1183 477 1243 nunc,
497 1172 528 1223 ut
545 1166 707 1225 conveniens
725 1170 784 1241 est,
804 1165 839 1223 de
858 1165 921 1224 stilo
947 1184 1002 1241 gua
1019 1169 1071 1225 che
1089 1165 1237 1225 solamente
1254 1168 1384 1241 pigliamo
1401 1167 1518 1226 l’nmile.
1540 1170 1589 1227 lla
1606 1169 1650 1226 la·

237 1248 341 1318 tragico
359 1249 566 1319 pertractemus.
586 1242 654 1300 Stilo
671 1242 798 1315 equidem
819 1240 921 1314 tragico
950 1245 1049 1301 ιοίοῐοο
1068 1243 1108 1316 gli
1126 1243 1188 1301 altri
1207 1243 1343 1318 mpero,
1362 1244 1457 1301 adora
1470 1241 1483 1317 (
1495 1259 1579 1301 οοοιο
1598 1239 1647 1302 iit

236 1329 301 1378 tune
319 1322 359 1378 uti
377 1320 509 1393 videmur,
522 1317 706 1392 quandocum
718 1317 846 1390 gravitate
859 1332 920 1373 sen·
949 1318 1047 1376 dovere
1059 1316 1072 1391 )
1083 1318 1218 1376 trattiamo
1236 1318 1309 1376 dello
1328 1317 1393 1377 stilo
1404 1318 1517 1391 tragico.
1536 1322 1651 1393 Appare

234 1397 347 1472 tentiae,
367 1402 421 1453 un
440 1394 566 1468 superma
584 1392 746 1465 carminum,
755 1407 838 1465 quam
856 1407 920 1466 pon-
949 1400 1125 1467 certsmente,
1144 1396 1196 1453 che
1213 1395 1259 1453 noi
1277 1394 1383 1453 usiamo
1398 1391 1508 1452 botilo
1526 1397 1648 1471 tragico,

236 1466 500 1545 stnretionis'elatio,
514 1474 542 1526 et
553 1467 715 1527 excellentia
727 1467 919 1525 vocabulorum
948 1470 1057 1541 quando
1075 1471 1146 1528 colla
1163 1466 1269 1542 gravitl
1287 1467 1359 1527 delle
1377 1468 1531 1546 sentemie,
1554 1470 1584 1529 la
1601 1487 1650 1528 sn·

234 1548 392 1606 concordat.
403 1546 456 1603 sed
468 1544 545 1633 quis,
559 1544 582 1601 si
594 1543 665 1602 bene
674 1543 832 1617 recolimus,
846 1559 921 1600 sum-
951 1545 1043 1617 perbis
1061 1545 1105 1602 dei
1123 1545 1206 1621 versi,
1225 1545 1253 1605 le
1271 1542 1422 1603 elevatione
1440 1543 1514 1604 delle
1533 1552 1646 1604 costro-

235 1638 281 1680 nra
299 1624 414 1681 summis
433 1636 494 1679 esse
513 1620 605 1695 digna,
623 1618 678 1677 iam
695 1617 749 1676 init
766 1618 918 1694 probatum,
949 1619 1029 1695 zoni,
1043 1636 1060 1679 e
1072 1620 1271 1680 laeocellensia
1288 1620 1334 1679 dei
1352 1620 1472 1679 rocaboli
1491 1622 1645 1680 sicouoor·

236 1699 355 1773 eliste,
373 1712 457 1770 quem
476 1696 611 1768 maffl'cnm
629 1694 824 1769 appellamus,
843 1710 919 1751 sum-
949 1694 984 1753 dr
1002 1694 1125 1754 insieme.
1141 1700 1183 1755 fla
1199 1694 1312 1773 perche,
1325 1693 1447 1768 (seben
1465 1695 1493 1752 ci
1511 1697 1643 1755 ricordia-

233 1790 297 1831 mus
314 1774 422 1831 videtur
435 1786 497 1828 esse
509 1771 645 1846 sidorum,
658 1770 706 1828 illa
722 1783 793 1844 quae
813 1784 920 1827 summe
949 1786 995 1830 mo
1007 1770 1019 1845 )
1031 1770 1075 1844 qil
1093 1768 1243 1848 epruvato,
1256 1774 1309 1831 clse
1327 1771 1430 1830 tecuae
1449 1786 1560 1830 somme
1580 1789 1645 1831 sum

235 1849 357 1907 canenda
374 1847 558 1922 distinximus,
571 1847 624 1904 isto
641 1846 700 1905 aulo
718 1850 781 1903 sunt
800 1844 862 1904 stilo
873 1860 920 1903 ca-
949 1846 1037 1921 degne
1056 1848 1130 1906 delle
1143 1864 1258 1924 somme,
1271 1863 1288 1905 e
1300 1851 1398 1922 questo
1417 1846 1493 1921 stilo,
1508 1850 1565 1907 che
1576 1848 1644 1905 chis-

233 1926 333 1998 nenda3
354 1923 490 2000 videlicet,
509 1924 598 1998 Salus,
617 1924 702 1979 Amor
718 1926 747 1978 ei
766 1920 874 1996 Virtus,
892 1928 920 1980 ei
948 1924 1049 1981 mismo
1066 1926 1181 2000 tragico,
1192 1940 1258 1998 pare
1276 1937 1368 1980 essere
1382 1922 1402 1979 il
1415 1939 1525 1981 summo
1536 1924 1583 1981 dei
1596 1925 1644 1982 stt

232 2005 491 2133 serm
501 1995 855 2147 ms...
948 1996 1059 2133 uu
1073 1995 1641 2134 ...um

232 2152 371 2209 dimernat
388 2164 431 2227 ea,
451 2165 523 2225 quae
539 2150 671 2224 dicimus3
696 2154 724 2205 et
742 2112 920 2221 quando'uis
948 2148 978 2206 in
996 2157 1095 2222 questu
1114 2152 1172 2210 solo
1190 2150 1253 2209 stilo
1271 2114 1472 2223 mnmte3’ciol
1491 2148 1641 2228 insalute,

231 2227 300 2286 hacc
318 2240 386 2299 pure
403 2232 513 2284 mutare
530 2224 661 2301 intendit,
680 2223 724 2281 rel
742 2238 814 2296 quae
834 2224 869 2281 ad
887 2240 919 2282 en
949 2223 978 2282 lo
996 2229 1107 2301 Amore,
1128 2244 1143 2284 e
1162 2228 1189 2285 la
1208 2225 1302 2302 Virti,
1323 2242 1339 2283 e
1357 2224 1451 2299 quelle
1470 2224 1542 2284 altre
1561 2241 1640 2302 cose,

233 2301 339 2359 directe
362 2305 390 2358 et
414 2317 483 2375 pure
502 2307 677 2373 sequuntur,
696 2297 772 2374 prius
791 2299 920 2357 Helicone
949 2302 1001 2359 che
1020 2315 1070 2374 per
1087 2303 1182 2374 oagiou
1201 2302 1230 2359 di
1242 2317 1304 2360 esse
1322 2316 1389 2359 sono
1400 2301 1475 2359 nella
1488 2308 1584 2359 mente
1595 2318 1642 2359 no-

234 2380 354 2452 potatus,
375 2378 460 2435 tende
477 2376 578 2434 fidibus
596 2375 719 2433 adsumat
747 2390 844 2432 secure
862 2375 920 2448 ple·
949 2380 1004 2434 stra
1024 2386 1187 2454 concepute,
1210 2394 1261 2451 pur
1278 2378 1330 2436 che
1347 2392 1398 2450 per
1415 2378 1484 2434 niun
1501 2378 1641 2435 accidente

233 2457 346 2531 cirum,
366 2457 477 2510 etcum
501 2466 578 2511 more
596 2450 717 2526 incipiat·
737 2449 792 2509 Sed
818 2452 920 2510 cmtio
948 2466 1002 2510 nou
1022 2451 1175 2513 sianoiatte
1186 2453 1243 2511 vili.
1256 2452 1640 2527 Guardisiadrmqueeiascu·

232 2543 310 2603 nen,
328 2535 409 2600 atque
426 2527 619 2587 discretionem
637 2527 719 2602 hanc,
740 2527 810 2584 sicut
828 2526 917 2604 decet,
948 2542 995 2603 no,
1012 2542 1029 2585 e
1046 2527 1171 2587 discerne
1187 2529 1292 2606 quello,
1304 2528 1355 2586 che
1366 2527 1486 2605 dioemo;
1500 2529 1641 2603 equando

230 2602 334 2679 iacere,
347 2605 399 2662 hec
415 2620 496 2679 opus,
509 2609 538 2661 et
549 2603 625 2663 labor
643 2608 697 2675 θείς
710 2601 839 2677 quoniam
849 2619 919 2660 nun·
948 2602 1028 2660 ruole
1045 2610 1142 2677 queste
1154 2610 1273 2663 trecose
1284 2608 1445 2680 puramente
1457 2608 1584 2679 eantare,
1597 2620 1642 2663 or·

336 2680 395 2738 sine
413 2678 571 2737 strenuitate
589 2679 702 2755 ingenii,
721 2683 749 2737 et
767 2678 834 2736 artis
852 2680 920 2737 assi·
948 2691 1013 2737 rero
1037 2680 1128 2752 quelle
1147 2682 1198 2739 che
1217 2681 1253 2740 ad
1270 2695 1332 2739 esse
1350 2685 1393 2738 tre
1417 2680 1640 2738 dirittamentee

231 2695 348 2829 fflte,
367 2755 596 2828 scientiarumque
620 2752 714 2813 habitu
737 2754 797 2813 deri
816 2758 916 2828 potest.
949 2762 1109 2827 puramente
1127 2771 1258 2832 aeguum,
1270 2757 1360 2831 prima
1370 2756 1494 2816 bmendo
1506 2757 1554 2813 nel
1567 2756 1641 2814 ionte

232 2835 270 2890 lit
287 2830 306 2887 ii
325 2836 400 2908 nant,
412 2848 482 2906 quos
501 2835 584 2889 Poeta
596 2828 759 2889 Eneidorum
778 2834 857 2888 sexto
875 2830 918 2889 di·
948 2830 976 2887 di
996 2832 1121 2907 uticona,
1141 2848 1228 2906 punga
1247 2834 1428 2890 sicuramente
1445 2830 1643 2890 all’accordrta

234 2909 321 2967 lectos
340 2907 398 2983 uei,
417 2913 447 2965 et
463 2907 500 2965 ab
515 2906 628 2963 ardente
645 2905 744 2963 virtute
761 2905 919 2967 sublimatos
948 2905 1011 2964 lira
1028 2907 1048 2964 il
1068 2923 1172 2965 sommo
1190 2908 1302 2983 plettro,
1312 2924 1329 2965 e
1339 2911 1586 2965 costumatameute
1596 2921 1643 2964 co-

233 2986 269 3042 ad
288 2984 407 3059 aeirem,
426 2987 599 3054 Deorumquc
616 2981 688 3041 iilius
705 2987 781 3039 vocat
796 3022 805 3057 ,
824 2998 919 3054 quam·
947 2981 1042 3041 minoi.
1058 2984 1099 3040 lta
1118 3001 1133 3039 a
1146 2982 1203 3040 iare
1214 2989 1309 3057 questa
1322 2982 1452 3057 amone,
1466 2988 1593 3055 equesta
1604 2980 1644 3038 dl

235 3076 318 3134 mam
337 3061 453 3132 figurate
472 3058 608 3131 loquatur.
629 3061 664 3115 Et
681 3056 743 3116 ideo
760 3059 919 3115 conduntur
948 3055 1063 3132 risione,
1075 3074 1153 3118 come
1172 3060 1195 3116 ai
1214 3060 1276 3135 dee,
1290 3059 1339 3131 qui
1357 3055 1374 3115 le
1392 3058 1420 3115 la
1437 3054 1584 3133 difficulti,
1597 3056 1643 3130 qui

235 3152 329 3193 corum
349 3136 474 3209 stultitia,
487 3133 535 3207 qui
553 3137 623 3208 arte,
637 3132 803 3207 scientiaque
821 3134 917 3191 immu-
948 3129 1003 3189 ela
1014 3132 1104 3202 latices
1119 3131 1212 3209 percio
1223 3136 1274 3193 cire
1292 3133 1346 3190 mai
1366 3145 1446 3190 senaa
1465 3148 1565 3191 nonme
1577 3134 1643 3190 d’in-

235 3229 296 3287 nes,
316 3211 351 3267 de
370 3210 428 3268 solo
445 3211 552 3282 ingenio
571 3208 746 3285 confidentes,
760 3210 794 3265 ad
814 3225 919 3267 sumnn
947 3224 1052 3285 gcguo,
1072 3210 1107 3269 ne
1126 3225 1205 3267 senna
1223 3206 1351 3267 assiduiti
1371 3210 1398 3266 d’
1407 3216 1489 3283 arte,
1509 3206 1547 3266 nc
1566 3223 1643 3267 aetna

237 3303 343 3345 summe
359 3288 478 3343 canenda
496 3289 691 3358 prorumpunt3
706 3279 734 3339 et
745 3301 760 3341 a
772 3290 846 3342 unta
858 3301 919 3359 pro
947 3284 1019 3342 abito
1037 3287 1064 3343 di
1084 3288 1188 3342 scieura
1206 3302 1260 3343 non
1278 3287 1301 3342 si
1321 3282 1397 3358 putri
1417 3284 1486 3342 iare.
1509 3288 1534 3341 Ε
1554 3285 1642 3357 questi

235 3360 607 3496 stultitiast
624 3359 919 3510 &millii
947 3360 1322 3495 l’llulilfiailiu'iiii
1340 3359 1641 3499 {titillatu

237 3513 347 3571 isurun.
493 3478 501 3513 '
950 3508 980 3566 ru
999 3511 1119 3570 sintin
1142 3511 1231 3585 eruo,
1251 3526 1267 3568 s
1285 3478 1396 3585 ug’rruou
1415 3511 1489 3584 regu
1510 3511 1576 3587 oet,
1596 3528 1638 3569 aa·

947 3601 1034 3658 regna
1045 3589 1097 3645 che
1108 3590 1313 3664 figuratamente
1325 3586 1405 3662 parti.
1420 3588 1442 3643 ll
1454 3584 1523 3659 pero
1537 3588 1562 3643 si
1574 3603 1638 3645 corr-

947 3658 1011 3718 iessi
1031 3663 1057 3720 la
1076 3664 1244 3721 sciocclrezra
1263 3663 1291 3720 di
1309 3664 1416 3738 coloro,
1436 3663 1446 3719 i
1466 3663 1544 3734 quali
1566 3678 1641 3719 sema

947 3741 1020 3813 arte,
1034 3753 1049 3795 e
1063 3755 1141 3796 seura
1161 3738 1286 3812 solennia,
1299 3738 1482 3798 confidandosi
1508 3738 1640 3795 solamen-

948 3816 975 3868 te
994 3814 1038 3869 nel
1051 3814 1109 3873 loro
1121 3815 1248 3888 ingegno,
1264 3815 1286 3870 si
1298 3829 1448 3889 pongouoa
1461 3819 1559 3870 cantas
1572 3830 1639 3871 som

948 3896 1082 3947 rnamenta
1106 3890 1134 3948 le
1151 3903 1216 3947 cose
1235 3904 1348 3947 summe.
1370 3890 1506 3961 tuusque
1533 3892 1637 3947 cessino

947 3965 1037 4035 questi
1057 3967 1102 4022 tuti
1127 3967 1161 4025 da
1179 3969 1252 4023 tanta
1271 3965 1339 4023 loro*
1353 3965 1556 4041 presunaione,
1577 3981 1593 4023 e
1611 3978 1640 4021 se

950 4053 998 4110 per
1017 4039 1044 4096 la
1062 4041 1120 4100 loro
1138 4041 1258 4098 naturale
1277 4041 1379 4098 desidia
1399 4055 1466 4098 sono
1484 4039 1572 4115 Oche,
1591 4056 1639 4098 non

948 4114 1072 4188 vogliauo
1083 4115 1209 4192 l'dquila,
1220 4116 1271 4174 che
1281 4116 1426 4174 attamente
1437 4114 1512 4191 vola,
1524 4116 1639 4175 imitare.

491 4269 606 4328 CAPUT
627 4272 663 4328 V.
1182 4267 1349 4325 captioso
1368 4271 1405 4326 V.

211 4486 213 4489 .
236 4436 274 4481 oa
293 4435 500 4480 corrosrrrorrs
521 4435 677 4493 varsuun,
698 4434 734 4476 ar
754 4430 918 4477 stararias
987 4430 1080 4475 ossus
1101 4416 1236 4488 Qusarra‘
1255 4434 1271 4475 e
1292 4416 1426 4475 vrsrrra‘
1444 4432 1495 4476 nar
1519 4435 1605 4480 rarsi

401 4513 497 4555 sonus
517 4512 570 4555 ras
590 4511 743 4555 essarris.
1169 4508 1261 4552 nassa
1285 4508 1416 4552 crszosr.

273 4651 312 4705 lle
325 4647 454 4721 gravitate
467 4646 673 4721 sententiarum,
683 4645 725 4703 vei
739 4644 804 4702 satis
816 4643 918 4703 dixisse
986 4645 1011 4700 d
1030 4644 1075 4701 noi
1087 4659 1152 4718 pare
1164 4644 1191 4701 di
1203 4658 1266 4701 ever
1277 4644 1352 4701 detto
1363 4642 1437 4701 della
1449 4644 1558 4717 gracili
1570 4646 1640 4704 delle

235 4725 369 4797 videmur,
382 4723 423 4781 vel
438 4723 535 4780 saitem
554 4727 656 4796 totum,
676 4722 750 4794 quod
767 4720 857 4796 operis
876 4724 919 4776 est
949 4720 1085 4779 sentenzie
1103 4720 1300 4794 ubbnstanra,o
1319 4720 1426 4777 almeno
1445 4726 1519 4778 tutto
1539 4721 1638 4797 quelle,

236 4801 332 4857 nostri.
352 4803 520 4873 Quapropter
538 4799 574 4856 ud
593 4797 748 4871 superbiam
766 4796 919 4854 carminum
949 4796 1002 4853 che
1021 4795 1151 4869 nii'opera
1168 4801 1260 4853 nostra
1280 4795 1303 4853 si
1315 4795 1451 4862 richiede‚·
1463 4794 1483 4851 il
1496 4794 1601 4872 perche
1616 4797 1641 4853 ci

234 4874 409 4948 festinemus3
429 4875 502 4931 eirca
520 4874 593 4948 quod
616 4873 755 4931 sciendum
767 4877 809 4929 est
824 4914 832 4947 ,
845 4870 920 4946 quod
949 4869 1133 4931 ailretteremo
1151 4871 1180 4928 di
1192 4872 1291 4930 andare
1307 4871 1361 4928 nlla
1374 4870 1504 4944 superbia
1524 4872 1570 4931 dei
1580 4887 1639 4929 rer·

236 4951 458 5026 praedecessores
471 4949 557 5007 nostri
569 4950 683 5008 diversis
698 4947 863 5006 seminibus
876 4947 918 5003 usi
949 4945 983 5002 si.
1005 4946 1081 5004 Circa
1099 4948 1108 5003 i
1128 4946 1201 5021 quali
1219 4946 1236 5004 e
1264 4947 1300 5005 da
1319 4961 1435 5022 sapere,
1455 4947 1509 5006 che
1529 4949 1539 5006 i
1557 4948 1638 5007 nostri

236 5032 299 5084 suut
318 5024 345 5081 in
364 5027 536 5084 Cantionibus
555 5027 611 5083 suis
626 5067 634 5100 ,
655 5024 727 5097 quud
750 5029 778 5083 et
797 5022 920 5081 moderni
949 5023 1103 5095 precessori
1120 5025 1209 5081 hanno
1221 5023 1293 5080 nelle
1305 5024 1364 5080 loro
1375 5023 1490 5080 maroni
1504 5030 1584 5083 ussto
1597 5039 1639 5081 va

236 5101 356 5158 iacimrt:
377 5103 426 5159 sed
444 5102 551 5158 nultum
574 5102 663 5160 adhuc
682 5100 832 5159 invenimus
859 5114 920 5155 car-
950 5099 989 5155 rie
1010 5103 1083 5155 sorte
1101 5100 1129 5156 di
1147 5098 1229 5172 versi,
1250 5099 1270 5155 il
1290 5099 1341 5155 che
1358 5098 1441 5155 innuo
1460 5100 1638 5172 parimeniei

237 5193 300 5233 meu
323 5179 351 5234 in
376 5178 559 5253 syllabicando
583 5176 820 5252 endecasyllabum
846 5180 919 5231 tran·
950 5175 1082 5246 moderui3
1097 5174 1181 5231 main
1194 5174 1236 5232 sin
1253 5174 1300 5247 qul
1319 5174 1403 5233 niuno
1421 5188 1501 5232 verso
1521 5177 1637 5234 ritroria

236 5253 375 5312 scondisse
391 5297 400 5332 ,
419 5270 470 5313 nec
487 5271 504 5312 a
523 5254 663 5331 trisyllebo
680 5252 863 5313 descendisse.
885 5254 919 5311 lit
949 5252 1068 5325 ruo,clre
1082 5250 1120 5306 sia
1132 5250 1202 5308 oltre
1221 5249 1247 5307 la
1260 5250 1402 5307 undecima
1420 5247 1518 5308 sillaba
1539 5255 1638 5325 trapae-

168 5345 231 5423 h
857 5332 873 5364 ⁶
949 5331 1021 5403 sato,
1041 5323 1076 5385 ni
1095 5331 1166 5385 sotto
1183 5327 1211 5385 la
1229 5333 1302 5386 tesza
1320 5326 1436 5386 decess
1459 5326 1501 5384 ild
1521 5342 1636 5402 arregna
