3825 6059
793 508 949 588 erraroaa
965 508 1008 557 tv.
1484 490 1548 557 313
1618 522 1626 535 ·
1664 563 1667 568 .

200 661 248 720 tibi
267 660 338 723 filios
357 661 391 717 ad
409 654 547 717 ruboreml
562 659 622 717 Non
640 656 752 734 Caritaa,
772 674 825 716 non
839 658 877 714 A·
907 662 953 715 tuo
972 673 1079 719 roncore
1097 658 1263 718 medeaimol
1275 659 1335 718 Non
1353 661 1447 718 devota
1465 657 1590 733 acartd,

200 744 298 812 atram,
313 733 444 795 aeddiiae
462 735 640 807 sanguisugae
651 732 740 792 tactae
758 734 878 791 aunttibi
907 751 961 794 non
982 750 998 792 a
1017 737 1160 810 illustria,
1186 750 1231 792 ma
1253 735 1384 794 iemmine
1408 734 1541 794 sitibunde
1563 736 1593 795 di

201 828 297 869 nurus.
312 816 394 887 Quae,
406 808 501 884 qnater
514 807 619 883 pariam
631 807 790 885 tibitoetua,
802 822 878 882 prae·
910 825 1014 883 aaagna
1031 826 1097 872 aono
1122 828 1139 889 a
1167 817 1195 867 te
1211 807 1278 871 latta
1304 810 1331 867 le
1348 824 1453 868 nuore:
1481 808 1509 867 la
1525 825 1596 884 qua-

170 946 174 954 ,
203 897 246 947 ter
258 891 409 946 lunmaern
418 881 880 960 pontificem(29),emneaalilcon-
908 883 951 960 li,
972 886 1035 960 quai
1053 887 1111 963 ligii
1129 887 1364 962 tipartoaiacam,
1384 891 1479 944 trama
1497 885 1517 943 il
1537 886 1593 945 ltn-

204 968 348 1022 teatantur.
369 965 443 1020 lacet
460 960 613 1049 Gregoriua·
626 966 689 1016 tnua
701 960 730 1018 in
742 960 803 1049 telio
819 974 879 1049 ara-
908 975 993 1019 nanae
1010 963 1161 1040 Pontedee,
1180 964 1241 1021 tutti
1259 963 1299 1036 gli
1316 961 1377 1020 altri
1395 976 1431 1019 ne
1448 976 1497 1019 aon
1515 964 1594 1021 teati-

203 1054 327 1112 aearum3
341 1039 415 1129 iacet
432 1034 592 1125 dmbroarua
604 1050 633 1124 ua
645 1034 777 1124 neglectu
793 1034 880 1094 tlon·
909 1037 1008 1127 monio:
1023 1038 1105 1096 Giaee
1117 1040 1246 1128 Gregorio
1264 1046 1311 1127 tuo
1327 1035 1370 1096 ira
1387 1037 1416 1095 le
1426 1037 1481 1094 tele
1493 1035 1595 1125 ‘deira-

202 1111 882 1267 mrentt
909 1113 1308 1189 ιι

206 1266 280 1337 qnod
298 1263 447 1341 speculum
466 1259 514 1334 (32
541 1303 549 1336 ,
570 1263 754 1320 innocentrnm
773 1262 836 1340 (33)
854 1271 883 1321 et
912 1264 1047 1341 Dionialo,
1067 1266 1193 1325 ilamiano
1210 1281 1227 1323 e
1245 1267 1333 1339 Beda3
1353 1280 1370 1322 e
1387 1281 1441 1323 non
1460 1279 1491 1322 ao
1513 1260 1597 1336 quale

205 1342 359 1399 Ostiensem
379 1338 442 1413 (34)
462 1338 513 1395 dec
525 1342 632 1394 amant.¹
644 1337 698 1395 Cur
721 1339 821 1396 enimt
839 1338 884 1397 llli
911 1339 1052 1417 specchin,
1065 1344 1214 1401 innocenm
1231 1355 1247 1397 e
1265 1340 1411 1398 l’0atienae
1429 1341 1453 1397 ai
1470 1338 1595 1413 pudiea-

207 1420 292 1474 llenm
310 1414 484 1489 quaerebant,
497 1418 529 1470 ut
541 1413 625 1472 tinem
642 1422 670 1470 et
681 1415 826 1489 optimum
839 1414 883 1471 iati
912 1429 958 1473 no.
974 1420 996 1473 li
1014 1415 1113 1489 perche
1132 1415 1189 1475 eid?
1205 1415 1293 1486 Quelli
1310 1416 1487 1474 intenderano
1504 1414 1592 1488 aliie,

207 1507 307 1551 cenam
326 1496 354 1548 et
371 1489 501 1549 beneficia
518 1495 726 1563 conaequunorr.
914 1491 1030 1550 aicoome
1048 1493 1074 1550 al
1093 1509 1157 1550 vero
1175 1493 1230 1551 tine
1246 1493 1282 1550 ed
1298 1490 1454 1564 all’ottimo;
1473 1491 1562 1565 qneati
1579 1505 1597 1547 a
1722 1575 1725 1581 ἦ

913 1568 1073 1642 conaeguire
1090 1585 1106 1628 e
1124 1569 1199 1627 censi
1217 1581 1234 1624 e
1251 1568 1373 1628 beneflai.

251 1645 280 1699 8.
299 1642 364 1717 Sed,
383 1659 401 1701 o
419 1644 523 1714 Patren,
536 1654 573 1697 ne
591 1654 636 1696 mo
654 1640 815 1701 Phoenicem
827 1638 886 1698 exi·
953 1646 982 1701 8.
1004 1645 1045 1703 lla
1063 1661 1117 1703 non
1136 1644 1273 1719 rogitate,
1292 1660 1310 1703 o
1327 1643 1430 1717 eadm,
1455 1648 1532 1699 tener
1549 1654 1597 1698 ma

211 1718 370 1777 stimetiain
381 1717 446 1778 orbe
465 1714 526 1791 (35)
544 1722 690 1777 lemarum.
702 1716 802 1775 timnea
813 1715 887 1773 enim
916 1734 967 1793 per
985 1720 1011 1778 la
1038 1722 1136 1780 lleuiee
1163 1720 1208 1777 del
1236 1720 1344 1778 mondo.
1376 1720 1449 1776 'lutti
1476 1714 1597 1775 iniattio

191 1810 286 1869 ⁴quae
303 1792 404 1869 garrio,
423 1796 605 1868 murmurant,
624 1798 671 1850 aut
688 1796 809 1850 muaaant
820 1833 829 1867 ,
841 1795 889 1849 aut
916 1811 1111 1856 mormoranoc
1121 1794 1305 1869 bubtglianoo
1317 1796 1509 1867 intrareggono
1520 1786 1599 1865 φιά-

213 1869 348 1927 somniant
362 1886 369 1922 ε
381 1874 461 1925 -et
482 1867 529 1942 qni
547 1866 653 1925 inventa
675 1882 731 1926 non
759 1871 888 1926 atteatan·
918 1873 944 1931 le
962 1887 1025 1931 eoae
1042 1872 1071 1929 di
1089 1872 1141 1929 che
1159 1886 1206 1929 ora
1226 1870 1354 1945 garriam:
1370 1882 1539 1927 ecomenon
1550 1863 1598 1923 ian

208 1946 270 2002 tnrt
279 1976 318 1990 -
330 1943 458 2002 Nonnulli
469 1947 532 2001 aunt
543 1942 570 1999 in
582 1943 755 2002 admiratione
774 1958 890 2016 auapen·
917 1948 980 2006 tede
998 1947 1068 2005 delle
1079 1961 1144 2004 noae
1156 1961 1207 2020 per
1217 1945 1276 2004 loro
1287 1942 1402 2004 trecate?
1414 1941 1512 2001 Aleuni
1524 1946 1599 1999 atan-

208 2021 245 2077 ai:
259 2036 344 2077 -an
363 2032 471 2093 temper
491 2023 519 2076 et
537 2016 566 2073 hi
585 2018 720 2094 nitebunt,
733 2032 822 2092 neque
841 2022 892 2076 Fa·
920 2038 956 2082 uo
974 2022 1047 2081 nella
1066 2021 1223 2096 meraoiglia
1241 2022 1355 2095 aospeai:
1375 2036 1420 2078 mn
1438 2034 1491 2093 pur
1508 2017 1597 2091 quarti

210 2097 279 2154 otori
298 2111 347 2154 auo
365 2095 549 2153 testimonium
566 2093 744 2152 reddenti-
756 2095 829 2155 vivit
841 2097 892 2150 llo·
920 2114 1005 2174 cgnor
1023 2103 1184 2172 tammum,
1205 2094 1240 2154 nd
1257 2096 1282 2154 al
1303 2095 1361 2156 loro
1377 2097 1486 2153 llattore
1503 2107 1600 2151 varran

211 2172 316 2244 minua3
337 2169 437 2244 quique
455 2170 537 2227 movit
554 2168 675 2245 linguam
701 2169 730 2226 ln
748 2171 823 2228 arina
842 2173 892 2227 Ba-
920 2174 1036 2233 rendere
1053 2172 1267 2231 testimonianze?
1278 2160 1302 2229 i
1314 2174 1402 2245 llio;e
1421 2169 1465 2229 ehi
1483 2167 1603 2225 nell‘aai·

211 2246 282 2305 laam
301 2246 373 2322 (36),
393 2244 522 2303 Domiuua
540 2249 582 2302 eat
597 2246 682 2304 etiam
701 2246 893 2303 modernorum
921 2265 956 2308 na
974 2250 1002 2308 di
1021 2250 1129 2307 Balaam
1147 2264 1238 2307 morae
1255 2247 1282 2306 la
1300 2246 1402 2321 lingua,
1421 2244 1477 2319 egli
1495 2241 1512 2300 e
1530 2255 1600 2317 pure

211 2322 363 2381 brutorum.
618 2353 620 2356 ·
923 2326 942 2383 il
961 2327 1074 2400 signore
1091 2324 1134 2381 de’
1147 2324 1269 2383 moderni
1289 2322 1428 2381 animanti.

255 2400 284 2455 9.
306 2401 363 2455 lam
380 2396 506 2471 garrulum
524 2395 614 2455 iaetna
631 2413 704 2454 aum:
716 2412 764 2456 roa
776 2410 821 2453 me
832 2395 895 2455 eoi·
962 2403 990 2458 9.
1011 2401 1074 2457 ille
1092 2415 1240 2473 rampogne
1257 2400 1327 2457 ornai
1347 2415 1395 2456 aon
1406 2399 1516 2467 renut05
1531 2390 1602 2451 croi

214 2473 304 2549 glatie
325 2472 429 2531 Pudeat
446 2487 512 2546 ergo
530 2477 586 2531 tarn
612 2474 647 2532 ab
664 2470 759 2549 intra,
787 2488 842 2530 non
859 2474 895 2530 da
923 2478 962 2536 mi
985 2476 1011 2534 ri
1038 2476 1227 2548 costringeate.
1257 2477 1403 2548 Vergogna
1431 2470 1556 2543 adunque
1575 2467 1605 2522 ai
1634 2520 1638 2540 ‚

215 2548 302 2625 coelo,
321 2554 353 2606 ut
372 2547 502 2624 absolvat,
522 2548 599 2623 argui
616 2549 659 2606 ael
677 2548 791 2608 moneri.
812 2550 896 2606 necta
924 2552 1038 2629 prenda,
1058 2552 1109 2611 clre
1126 2552 1155 2608 di
1173 2550 1198 2607 al
1215 2550 1310 2625 basso,
1330 2566 1384 2606 non
1396 2544 1440 2621 gii
1458 2545 1501 2604 dal
1522 2542 1602 2616 ciclo,

212 2624 327 2697 quidem
344 2624 489 2682 nobiscum
506 2624 563 2698 agit
583 2624 664 2700 (37),
693 2640 781 2699 quum
810 2639 846 2681 ex
864 2639 896 2682 ea
926 2632 1017 2704 atate,
1038 2627 1108 2684 onde
1125 2641 1161 2682 ne
1184 2625 1281 2698 aeguiti
1309 2624 1328 2679 l‘
1340 2622 1454 2697 elicto,
1473 2619 1601 2695 ripreaio

216 2707 294 2775 parte
313 2698 438 2773 pulsatur
457 2700 573 2776 adnm,
593 2701 728 2773 adquam
752 2716 816 2758 cum
834 2714 897 2757 cae-
925 2704 1072 2763 ammoniti.
1104 2702 1278 2760 Drittamente
1305 2698 1392 2758 iniatti
1419 2697 1534 2770 adopera
1552 2707 1604 2751 con

219 2776 287 2833 teria
306 2775 429 2832 aenaihua
448 2774 523 2833 inflet
541 2776 672 2851 auditum,
692 2791 724 2834 ac
742 2777 828 2852 pariat
845 2792 897 2851 pu-
926 2780 972 2839 noi
991 2778 1016 2835 la
1033 2791 1179 2851 aergogna,
1198 2777 1306 2849 quando
1324 2775 1359 2832 da
1376 2772 1470 2847 quella
1480 2775 1556 2846 parta
1567 2782 1604 2825 ne

218 2851 314 2908 dorin
332 2850 410 2908 nobie
429 2850 618 2909 rectitudinem
638 2852 714 2928 (38),
734 2853 898 2926 primogeni-
926 2859 1066 2930 percunte,
1085 2852 1139 2909 alla
1156 2850 1327 2925 qnalecogli
1348 2850 1411 2908 altri
1431 2848 1505 2904 sensi
1523 2841 1603 2927 inell

219 2935 276 2984 tam
294 2941 383 3001 auam,
402 2930 431 2983 et
449 2928 500 2984 hoe
519 2929 687 3001 propositum
705 2927 897 2986 emendationis
926 2931 955 2988 ni
974 2928 993 2985 1ι
1001 2930 1091 3002 ndito,
1111 2943 1128 2985 e
1146 2929 1174 2985 in
1193 2927 1237 2986 noi
1255 2926 1403 3001 partorisea
1421 2923 1448 2980 la
1465 2918 1605 2979 rettitudr-

286 3038 288 3043 ·
926 3020 963 3063 no
982 3002 1051 3064 eh’e
1069 3003 1096 3060 la
1114 3019 1162 3061 aua
1181 3002 1370 3076 primogenita,
1391 3014 1407 3056 e
1425 2995 1498 3056 della
1511 3007 1606 3052 emen-

927 3082 962 3140 da
980 3081 999 3138 il
1019 3078 1156 3154 pmpoaito
1174 3077 1291 3153 generi,
1310 3078 1354 3133 eui
1387 3074 1429 3150 (e
1447 3072 1466 3129 il
1488 3068 1560 3128 cielo
1578 3066 1608 3123 lo

252 3174 314 3248 (29)
331 3174 513 3232 Gherardinua
530 3174 683 3249 Malaapina
700 3192 719 3231 a
735 3174 899 3231 marchioni·

216 3250 268 3303 bna
287 3250 387 3305 Foaaae
405 3252 508 3308 Norae.
529 3246 570 3303 (11.
590 3250 613 3303 11
630 3247 735 3322 Ropatti
752 3249 782 3303 in
798 3248 899 3307 Antho-

216 3322 293 3395 logia
310 3321 466 3385 florentina,
485 3320 547 3379 Vol.
568 3320 656 3385 XXV,
675 3339 703 3395 p.
723 3319 769 3377 21.

270 3392 316 3468 30)
335 3394 400 3451 Cod.
420 3395 557 3451 adiectae.

218 3467 805 3597 riittttltirtttdttttitt‘
817 3483 899 3592 tiit

218 3613 376 3669 haberemur
394 3621 555 3686 compertum
572 3610 584 3683 (
599 3610 695 3666 Parad.
713 3611 788 3671 xxi,
808 3609 897 3684 121),

219 3688 395 3760 eumdemque
408 3687 547 3740 commodo
561 3684 650 3739 Bedae
668 3683 816 3740 venarabili
834 3685 895 3756 (Pa-

219 3761 279 3814 rad.
297 3758 336 3821 11,
360 3758 431 3827 131),
451 3759 599 3815 videremus
615 3756 796 3812 coniunctum.

257 3831 315 3903 (32)
333 3829 480 3903 Speculum
488 3829 561 3883 iuria
572 3830 622 3882 aulo
634 3828 715 3883 finem
727 3828 826 3884 saeculi
837 3828 900 3884 xlll

220 3922 239 3957 a
250 3904 390 3959 Guillelmo
403 3904 522 3958 Durante
533 3901 657 3974 episcopo
667 3902 817 3957 Mimatenai
829 3918 901 3957 eom·

223 3978 349 4049 positum.
362 3978 432 4048 quod
444 3976 535 4030 italice
546 3985 659 4032 uocatur
671 3973 699 4027 lo
711 3972 899 4047 Speculatore.

261 4048 317 4121 (88)
337 4046 375 4101 De
393 4047 549 4105 Innocentio
565 4047 601 4104 111
619 4048 720 4102 dietum
737 4054 812 4119 puta,
826 4049 902 4101 onina

222 4121 292 4176 inter
305 4122 460 4177 Decretelea
473 4122 596 4193 Gregorii
609 4121 646 4177 lX
658 4120 741 4193 longe
751 4120 899 4248 glutineo.

223 4195 280 4249 litai
293 4194 360 4249 sorte
373 4194 537 4250 Sinibuldum
551 4195 667 4249 Fliaeuna
678 4193 750 4265 signi
772 4194 830 4249 otri
860 4193 902 4247 nia

226 4266 346 4327 dixerit,
376 4268 421 4339 qui
440 4267 488 4320 rub
507 4268 612 4321 nomine
629 4264 780 4323 innocentii
798 4267 833 4325 {V
873 4284 903 4319 o·

224 4355 320 4393 manua
338 4340 393 4393 iam
412 4338 533 4395 Pontifex
551 4355 669 4393 aummae
681 4357 761 4410 apum
779 4354 903 4411 pragma·

224 4412 289 4538 {³3⁰}
301 4411 467 4469 auetoritatia
478 4413 684 4467 commentario·
700 4415 730 4467 in
747 4410 904 4468 Decretalea

260 4485 267 4536 i
287 4485 316 4537 it.
654 4491 659 4507 ⁸

262 4552 323 4629 (tt)
340 4554 472 4612 ilenrioua
489 4554 523 4609 da
540 4556 694 4629 Segnaira‚a
711 4564 792 4628 gente
810 4556 843 4611 de
854 4555 905 4611 llo·

225 4629 321 4690 mania,
333 4628 482 4684 cardinalia
496 4628 535 4683 tit.
550 4628 689 4691 Ostienaia,
703 4628 906 4684 commentario·

226 4702 254 4755 in
267 4698 429 4763 Decretalea,
443 4700 558 4757 maxima
570 4718 633 4755 vero
650 4718 783 4757 rammam
800 4718 907 4757 emna-

225 4774 287 4829 dam
300 4776 456 4848 composuit.
470 4790 540 4848 quaa
553 4782 653 4831 tantam
670 4782 753 4831 nacta
764 4783 806 4830 eat
817 4771 912 4832 aurete·¹

224 4846 341 4914 ritatem,
362 4861 391 4903 ut
408 4848 455 4919 qui
471 4846 526 4901 iuri
544 4847 674 4903 mnonieo
692 4851 825 4903 navarent
842 4864 905 4920 opo-

227 4936 285 5046 kalrln
296 4920 524 5046 ,Soatierlriemlge
566 4918 572 4929 “
589 4919 751 4977 dicerentur.
763 4950 797 4962 -
807 4918 905 4975 Parad.

265 4993 405 5138 (defend.
426 5030 541 5117 niteas

277 5136 325 5203 de)
342 5136 451 5194 Numeri
468 5132 557 5197 XXII,
577 5132 628 5196 28,

295 5211 325 5280 7)
343 5212 454 5266 Scilicet
471 5208 564 5280 pndor.

263 5141 327 5355 338)
346 5282 411 5340 coo.
429 5278 611 5355 ,retitudinem

308 5358 417 5415 orara.
442 5357 529 5428 Opere
549 5355 665 5415 fliam.
