3825 6059
789 547 945 597 aersnoaa
962 546 1005 593 vr.
1479 528 1545 596 537

200 702 237 758 tie
250 700 285 756 sit
297 696 469 772 intellectiva,
480 701 522 754 est
531 701 585 755 tota
595 701 622 754 et
634 694 725 771 unias,
735 712 805 770 qaae
817 694 879 770 (93)
894 697 929 753 ll'
938 713 1049 755 esoenaa
1077 695 1215 770 cagionata
1242 696 1311 754 deve
1340 698 1529 756 intieramente
1556 701 1590 757 ed

200 780 305 833 causat.
327 778 360 832 Et
378 774 428 848 sic,
439 773 667 846 quemadmodum
685 774 762 845 prim
775 774 882 830 deveni·
910 776 1082 832 unicameate
1101 772 1242 845 provenire
1261 773 1295 829 da
1313 773 1406 846 quella
1419 773 1592 848 dellaoagio-

202 866 234 907 re
254 849 317 925 (94)
336 853 394 906 erat
405 851 439 907 ad
452 848 568 921 primam
586 863 695 905 caumm
714 849 799 923 ipaiua
808 863 881 920 esse,
910 855 1003 922 nante,
1023 864 1054 905 ae
1072 851 1168 921 questa
1186 846 1203 905 e
1220 847 1410 906 intellettuale.
1433 850 1536 926 liceri,
1549 866 1594 909 co

202 929 243 984 alc
262 940 346 1001 uuac,
365 926 498 982 eaaeutiae
509 930 537 981 et
549 923 667 980 virtutis.
688 927 802 995 Propter
811 924 882 997 quod
911 940 957 982 me
975 925 1117 999 dapprlma
1133 919 1211 979 facea
1228 923 1256 980 di
1276 925 1397 981 meatieri
1414 925 1534 982 diaemre
1553 926 1594 983 al-

203 1006 286 1076 patet,
305 1001 378 1075 quod
396 1000 483 1058 omnia
502 999 618 1057 essentia
641 1001 669 1054 et
686 998 771 1056 rirtaa
790 1014 884 1073 proce
911 1000 938 1057 la
956 1000 1044 1075 prima
1062 1006 1144 1056 caum
1162 997 1324 1057 dell’eaaere
1341 1000 1448 1075 istesso,
1470 999 1527 1058 coel
1546 1016 1594 1060 ora

202 1078 249 1135 dat
267 1092 284 1133 a
301 1078 406 1151 prima,
425 1079 453 1131 et
472 1074 665 1149 intelligentiae
681 1073 823 1132 interiores
841 1090 884 1130 re-
912 1076 965 1133 alla
977 1075 1065 1149 prime
1083 1074 1267 1132 dell’eaaenza
1284 1090 1301 1131 e
1318 1073 1481 1133 dellavirtia.
1496 1075 1518 1131 ll
1531 1090 1594 1149 per·

202 1153 303 1226 cipiunt
319 1153 398 1224 quan
415 1168 431 1209 a
448 1150 592 1227 initiante,
613 1154 640 1207 et
657 1150 772 1207 reddant
792 1150 881 1208 radica
912 1151 964 1210 che
981 1150 1133 1238 apparisceP
1147 1151 1198 1207 che
1216 1150 1279 1223 ogni
1298 1164 1407 1207 eaaenaa
1418 1165 1434 1205 e
1446 1149 1519 1209 virtir
1532 1168 1594 1225 pro

203 1228 352 1301 superioria
370 1229 406 1284 ad
417 1242 497 1283 auum
510 1223 632 1301 inferiae,
645 1225 680 1282 ad
698 1225 810 1282 modum
822 1241 884 1299 ape
912 1227 980 1284 aede
998 1226 1070 1283 dalla
1088 1242 1194 1302 prima,
1214 1240 1230 1281 e
1249 1226 1300 1283 che
1319 1225 1345 1281 le
1364 1225 1535 1300 intelligenae
1553 1229 1593 1284 in-

201 1304 327 1360 culoruar
347 1302 419 1375 (95).
434 1303 510 1370 Quod
528 1302 592 1359 satia
610 1310 704 1374 aperte
722 1307 833 1375 tangere
845 1302 884 1357 vi·
910 1300 1003 1361 ieriorl
1021 1303 1145 1358 nicerono
1162 1302 1240 1375 quasi
1257 1303 1283 1359 la
1302 1300 1363 1358 luce
1381 1301 1425 1359 dal
1444 1303 1592 1378 raggiaate‚

201 1379 282 1435 detur
301 1379 443 1454 Diongeiua
470 1379 506 1435 de
529 1377 639 1435 ooaleeti
666 1378 815 1436 hierarchia
842 1377 884 1435 lo-
912 1377 1086 1449 eritlelttono
1104 1377 1114 1433 i
1132 1378 1207 1451 raggi
1226 1377 1270 1434 del
1289 1377 1429 1450 superiore
1441 1378 1467 1433 al
1481 1375 1538 1435 loro
1550 1380 1593 1435 in-

201 1469 289 1526 quens
310 1453 381 1530 (96).
401 1455 435 1510 at
453 1458 563 1528 propter
581 1454 632 1510 hoc
650 1452 750 1510 dicitur
767 1454 796 1510 ia
814 1452 885 1510 libro
912 1454 1043 1512 serioroa
1064 1452 1183 1510 muniere
1201 1453 1229 1511 ἅ
1249 1454 1366 1526 apecchi.
1389 1454 1428 1508 lo
1446 1456 1497 1512 che
1515 1454 1596 1512 abba-

202 1530 239 1586 de
257 1530 347 1585 causta
376 1529 437 1603 (et)
459 1549 472 1581 a
496 1529 570 1603 quod
597 1528 685 1586 omnia
707 1528 885 1603 intelligentia
913 1535 1005 1587 atarua
1023 1534 1117 1601 aperto
1136 1528 1244 1585 maara
1262 1535 1351 1586 tocoar
1369 1527 1486 1586 Dioniaio
1503 1525 1531 1585 li
1547 1530 1595 1586 do·

200 1610 246 1661 eat
263 1602 345 1678 pleru
361 1603 457 1663 lormia
468 1624 494 1660 a.
516 1608 591 1663 l’atet
603 1620 679 1679 ergo,
692 1605 827 1676 quomodo
839 1620 884 1660 ra·
913 1622 946 1662 re
964 1603 1041 1679 parla
1059 1603 1132 1661 della
1150 1603 1252 1661 celeste
1262 1603 1411 1677 gerarchic-
1428 1606 1513 1676 Eper
1523 1606 1595 1678 que-

205 1681 244 1736 tio
262 1678 425 1754 mattam,
445 1679 564 1739 divinam
582 1680 692 1756 lumen,
710 1678 801 1738 idest
819 1680 886 1738 diri·
914 1684 957 1737 ato
969 1681 1015 1738 nel
1024 1679 1106 1738 Libro
1115 1679 1189 1737 delle
1198 1694 1278 1738 cauae
1290 1675 1306 1735 e
1318 1679 1422 1753 scritto,
1434 1697 1449 1730 a
1461 1680 1512 1736 che
1529 1682 1596 1753 ogni

914 1753 1086 1829 iutelligeuaa
1103 1751 1120 1810 e
1139 1756 1219 1828 piena
1242 1754 1270 1811 di
1293 1754 1378 1814 forme
1402 1774 1427 1808 a.
1450 1754 1598 1827 apparisce

914 1832 1052 1918 adunque,
1071 1845 1124 1905 per
1140 1831 1204 1903 qual
1223 1830 1344 1887 maniera
1360 1829 1389 1887 la
1407 1829 1518 1903 ragione
1536 1846 1596 1887 ma-

915 1907 1028 1984 nifesti,
1047 1907 1098 1963 che
1116 1905 1136 1962 il
1156 1906 1230 1963 lume
1248 1905 1360 1981 dinuo,
1386 1901 1445 1963 cioe
1463 1905 1490 1963 la
1507 1905 1595 1965 divina

235 1980 284 2054 (98
313 1980 368 2038 Sic.
385 1980 416 2035 in
435 1979 534 2055 Magi..
550 1983 629 2055 impr.
648 1981 885 2057 petrelegium

199 2056 256 2127 peri
293 2072 348 2115 am,
361 2071 430 2127 qaae
444 2056 524 2126 paulo
542 2054 676 2111 duriorem
693 2054 846 2127 legantiboa
856 2072 885 2109 ae

199 2127 369 2200 praebetita
386 2128 531 2182 vernamrla
547 2126 708 2184 crediderim
718 2128 883 2184 mendam:

202 2199 308 2255 «coma
325 2200 353 2254 la
361 2199 432 2255 virli
447 2202 465 2255 d
482 2200 602 2257 inerante
620 2199 786 2272 all‘eaaaaaa,
805 2200 886 2256 dicui
988 2246 991 2252 .

199 2272 225 2326 ai
237 2272 356 2344 predica;
368 2272 397 2324 la
408 2272 478 2327 virli
489 2272 552 2329 dall'
560 2290 670 2330 canan
687 2273 833 2345 cagionata
844 2274 885 2325 ia-

199 2345 359 2399 tierameate
376 2344 410 2401 cd
428 2345 597 2403 unicamante
619 2347 747 2418 provenit
770 2346 886 2401 daveda

200 2417 294 2545 ffilla
312 2417 383 2473 dalla
399 2419 574 2493 cagionantc,
584 2435 613 2474 aa
624 2427 718 2494 maala
734 2420 752 2475 d
770 2418 886 2475 iutellet

261 2505 315 2547 ea.

238 2560 300 2635 (94)
317 2560 364 2618 Sic
380 2560 512 2618 edidimua
529 2580 565 2621 ex
582 2562 682 2637 uaga,
700 2564 776 2638 vulg.
794 2562 887 2637 priua·

201 2651 284 2710 mm
299 2633 445 2690 deveniret.

242 2705 299 2779 (95)
311 2705 379 2763 Vide
391 2706 509 2761 auctoris
521 2708 575 2764 Par
595 2708 711 2766 atorium
721 2705 888 2783 1v‚e2;1>a·

204 2779 325 2836 radiaum
341 2779 391 2842 lx,
403 2778 453 2853 el,
464 2778 541 2844 xxi,
552 2725 597 2836 Ιὲ.

241 2851 302 2924 (96)
319 2850 388 2907 Vide
403 2851 542 2926 integram
558 2858 640 2926 capnt
657 2851 694 2910 10
709 2851 772 2909 llari
790 2852 825 2909 ab
840 2871 887 2908 aa·

203 2934 275 2981 ctore
293 2924 392 2979 laudati
417 2926 486 2996 quod
497 2925 673 2998 Areopagitae
682 2924 784 2980 iniuria
795 2925 886 2988 tribui,

203 2998 333 3071 Hypatius
357 2963 463 3069 quidem
483 2996 636 3052 iamdudum
652 2997 774 3067 viderat3
794 2997 889 3054 Daulia

204 3087 271 3127 rere
285 3077 333 3125 tem
355 3085 401 3123 ore
413 3086 492 3124 nemo
503 3069 618 3140 amplius
627 3070 822 3142 auapicabaiur.
835 3071 885 3127 Ed.

204 3146 271 3200 Ant.
287 3143 299 3195 l
358 3140 401 3208 ,l‚
413 3158 478 3213 pag.
493 3140 556 3214 142,
570 3140 632 3203 lta.
646 3141 740 3200 Veraio
754 3141 886 3201 corderii:

208 3232 222 3272 a
237 3214 399 3270 Concluaum
410 3214 495 3285 igitar
508 3230 526 3266 a
537 3214 624 3289 nobie,
633 3216 766 3289 quemme
773 3216 822 3272 illa
831 3217 888 3288 qui·

204 3288 268 3342 dana
287 3286 480 3360 antiquiaaima,
536 3303 569 3341 ae
586 3287 643 3344 Deo
660 3298 766 3361 praeato
784 3295 835 3361 eat,
849 3290 889 3344 in·

203 3360 417 3433 talligcntiarum
434 3303 598 3432 inexusta,
617 3359 652 3414 ab
669 3361 783 3434 ipaanact
798 3364 889 3449 primi-

206 3442 249 3489 taa
268 3432 392 3489 initiante
408 3430 606 3489 illuminatione
618 3443 788 3506 commata,
800 3454 888 3491 ammo·

204 3506 280 3561 diate
297 3505 337 3560 illi
347 3504 518 3567 intendendo,
537 3505 677 3560 secretiori
693 3507 773 3563 simul
789 3518 818 3565 et
834 3527 888 3563 ma·

204 3576 339 3632 niiealiori
351 3577 440 3661 ‘divini
453 3577 621 3649 Principatua
631 3579 811 3636 illustratione
829 3598 889 3653 pur-

205 3649 819 3796 ruta:a{tremuerunta
830 3692 889 3796 n:

203 3796 289 3923 gone,
304 3801 332 3849 el
350 3812 366 3847 a
384 3795 503 3922 :gcufflla
521 3797 609 3924 leitila,
623 3802 652 3851 et
669 3813 686 3849 a
703 3798 783 3926 legatia
801 3806 890 3925 niati-'ator

236 3883 253 3919 c
333 3884 347 3918 r
626 3906 703 3923 ....

205 3958 879 4086 a

206 4102 268 4157 paon
280 4085 549 4140 etiamdiriniaaimoa
560 4055 698 4170 Seraphim
708 4087 841 4159 Theologi
854 4086 892 4140 al·

206 4166 295 4213 terum
308 4157 342 4211 ad
354 4157 469 4213 alterum
482 4157 599 4213 clamare
612 4164 706 4217 arant:
720 4177 775 4232 qua
786 4160 892 4232 quidem

205 4247 248 4297 re,
260 4248 320 4285 mea
328 4230 460 4285 sententia
472 4230 619 4294 declarant,
632 4233 732 4302 primoa
750 4233 894 4305 participat

207 4302 301 4357 facere
324 4302 457 4357 secundos
474 4301 623 4357 divinarum
641 4319 733 4361 rerum
750 4314 778 4363 at
796 4323 830 4361 ue
847 4323 893 4360 ao·

209 4371 406 4502 ‘fi'mgffiffl'
421 4373 558 4429 eilbertum
570 4376 664 4450 Magn.
673 4378 693 4431 l.
703 4378 724 4433 l.
738 4324 815 4451 uffa,
828 4392 891 4450 cap.

246 4466 306 4590 (⁹⁹7)
325 4519 431 4576 Albart.
451 4517 546 4590 Magn.
566 4517 586 4576 l.
601 4517 623 4574 1.
644 4535 705 4594 cap.
724 4520 772 4592 21,
785 4540 812 4595 p.
826 4519 892 4579 502:

211 4594 280 4647 «Er
298 4589 442 4663 praedictio
463 4598 536 4662 patet
552 4590 645 4655 facile,
664 4594 734 4667 quod
751 4593 836 4650 omnia
853 4595 895 4648 in·

208 4665 368 4736 telligenlia,
382 4679 452 4735 quaa
471 4681 519 4735 per
535 4680 565 4717 ae
576 4664 661 4738 ipaam
674 4676 702 4723 et
712 4684 762 4739 per
772 4666 896 4722 ametan-

208 4737 273 4791 tiam
290 4754 365 4792 auam
383 4734 563 4808 intelligentia
580 4746 641 4800 eat,
658 4746 685 4795 et
702 4738 794 4797 activa
809 4744 850 4796 cat
867 4745 895 4795 el

207 4810 290 4881 plena
300 4809 404 4864 formio.
418 4807 602 4881 Intelligentia
612 4811 684 4867 enim
696 4809 828 4884 poaailailia

207 4883 327 4937 calativa
345 4891 370 4937 et
390 4880 497 4952 adepta,
509 4897 566 4937 non
584 4899 633 4954 per
649 4901 678 4938 aa
695 4885 781 4958 ipram
797 4885 853 4942 inte
876 4883 896 4926 '-

207 4954 303 5026 geatia
320 4962 383 5013 eat,
402 4953 450 5008 aed
462 4969 510 5026 par
529 4954 620 5011 lumen
637 4957 752 5029 agentia.
773 4961 852 5015 Patet
868 4973 896 5011 a·

208 5025 721 5159 titileiafflliiiitll
739 5030 798 5161 lit
816 5030 849 5085 ‘¹⁰
864 5045 896 5115 '⁹

208 5179 252 5225 tur
269 5189 339 5227 eam.
360 5170 444 5226 Plena
461 5180 552 5229 autem
568 5173 661 5229 formis
678 5118 896 5249 miqufiffi

207 5247 430 5317 consequentium
447 5243 547 5307 eradit,
560 5247 630 5316 quod
648 5265 703 5302 non
718 5248 847 5304 formetur
861 5246 896 5303 ab

206 5318 274 5392 ipsa,
293 5318 362 5375 aicut
379 5318 459 5390 paulo
477 5326 540 5374 ante
558 5319 697 5389 probatum
717 5330 758 5380 ast
781 5340 804 5375 a.

286 5392 397 5449 Doara.
421 5393 507 5462 Opere
529 5391 642 5450 itineri.
